2550 4574
139 248 209 298 nm
606 243 779 294 tltsnuatcs
895 308 897 321 Ι

137 400 280 482 peraruit.
298 430 337 444 -
356 397 418 457 Lib.
433 399 464 472 4,
484 416 513 456 o.
524 398 593 474 627,
604 399 663 456 628
681 406 913 469 sommemoratur
929 397 1066 477 proelium
1084 395 1124 457 aa
1135 398 1264 461 Fornm'

138 496 283 555 Gallorum
302 493 361 551 siue
379 489 415 549 ad
434 490 570 548 Mutinam
589 493 763 550 commissum
782 510 856 551 auno
874 492 912 552 V.
928 492 964 551 C·
978 495 1048 568 711,
1066 491 1105 549 sle
1118 510 1186 575 Ικροο
1201 494 1244 553 ls-

121 590 211 667 ,gltnr
229 587 304 667 apud
323 587 486 644 Ciceronem
504 601 573 662 epp.
590 580 628 642 ad
646 583 714 646 iam.
734 589 782 660 10,
800 589 848 656 30,
868 585 1025 664 Appianum
1044 585 1112 645 bell.
1133 587 1191 645 sin.
1209 590 1243 663 b,

137 683 327 756 71,‘Dionem
344 681 395 754 la,
413 680 452 734 37
469 694 591 755 eosque,
616 677 664 754 qni
682 676 720 735 ibi
739 695 758 736 a
774 679 906 737 Reimaro
924 678 1100 738 adlubentur.
1139 680 1243 741 Verb'u

136 776 238 835 militis
262 792 318 833 stro
342 789 398 829 nou
423 778 466 829 est
490 769 672 848 improbabile
690 768 822 831 Ouidium
847 771 1000 851 respexisse
1026 770 1064 831 ad
1089 770 1137 850 id,
1164 772 1242 853 qood

134 868 285 929 Suetonius
305 865 370 926 Oct.
392 869 430 921 10
448 862 550 937 tradit,
571 873 600 922 et
618 863 713 936 duois,
738 876 768 924 et
785 867 895 942 militis,
921 876 951 925 et
969 864 1108 944 aquiliferi
1123 886 1242 929 munus

133 961 310 1042 perfunctum
329 975 390 1017 esse
408 967 475 1017 tunc
495 955 690 1017 Octauianum.
710 984 748 1003 ·-
774 956 837 1015 Lib.
852 960 883 1031 4,
902 962 998 1017 nilla
1018 959 1111 1037 agitur
1128 960 1168 1019 ‹le
1184 963 1240 1021 lna-

134 1055 271 1135 peratoris
288 1052 399 1112 nomine
419 1053 455 1109 ab
471 1053 597 1128 Angusto
613 1060 755 1129 assumpto
767 1051 834 1109 xvi
844 1051 893 1111 ΚΡ
912 1052 1000 1131 April,
1020 1055 1142 1130 Annum,
1161 1055 1239 1115 anius

74 1180 77 1185 ,
135 1151 160 1207 is
177 1149 238 1221 dies
255 1146 323 1221 init,
350 1154 507 1223 opportune
525 1145 685 1222 suppeditat
703 1147 758 1204 Dio
776 1145 827 1220 52,
845 1146 901 1204 41:
936 1140 975 1204 ἐκ.
989 1143 1033 1227 τῷ
1052 1137 1113 1205 i'ser
1132 1142 1239 1231 ἐκείνῳ
1269 1184 1272 1197 =

135 1237 168 1301 ir
187 1225 213 1322 ᾧ
232 1233 268 1299 τὸ
288 1232 425 1313 πέμπτον
444 1226 594 1296 ὑπάτευσε
612 1270 652 1286 -
670 1230 727 1315 τὴν
751 1236 807 1297 soii
825 1230 1055 1315 αὐτοκράτορος
1078 1235 1237 1319 ἐπίκλησιν

134 1329 273 1395 ἐπίθετο.
301 1326 379 1408 λέγω
398 1322 434 1389 ‹l’
455 1323 492 1387 οὐ
512 1323 568 1406 τὴν
593 1327 642 1389 lul
670 1333 740 1401 roric
756 1327 857 1402 νίκαις
875 1325 956 1391 κατὰ
981 1327 1019 1392 τὸ
1038 1327 1172 1410 appoto
1190 1334 1235 1395 sls-

134 1422 266 1504 δομέκην
283 1421 373 1500 τισίν,
393 1418 522 1500 (ἐκείνην
541 1416 602 1502 γάρ
621 1418 771 1495 πολλάκις
787 1421 847 1502 μὲν
866 1422 918 1485 καὶ
938 1418 1101 1504 πρότερον,
1120 1420 1234 1485 πολλά-
1259 1468 1264 1487 .

90 1565 94 1572 .
132 1539 181 1591 κτς
199 1516 234 1578 δὲ
253 1513 304 1577 καὶ
322 1511 429 1593 ligram
450 1510 508 1575 ἀπ’
528 1513 630 1577 αὐτῶν
650 1521 711 1578 τῶν
729 1511 826 1597 {pyus
845 1511 970 1596 iiossrr,
991 1515 1050 1590 ὥςε
1067 1516 1122 1579 καὶ
1138 1510 1172 1579 ἓν
1190 1513 1232 1581 ai'-
1270 1577 1275 1584 .

132 1632 219 1675 κοσιν
240 1606 339 1688 ὄνομα
359 1602 591 1690 αὐτοκράτορος
605 1613 714 1691 σχεΐκ,)
734 1606 815 1672 oillei
835 1606 891 1691 τὴν
911 1606 1017 1693 ἑτέραν
1036 1608 1094 1692 τὴν
1109 1606 1145 1673 τά
1160 1608 1232 1694 κρά·
1269 1673 1275 1684 ,

132 1726 186 1778 τος
204 1699 471 1781 διασημαίνουσαν
486 1736 533 1765 -.
554 1707 612 1765 Res
630 1716 724 1766 tamen
743 1717 787 1766 est
805 1709 936 1787 procliuia
954 1708 991 1768 ad
1010 1716 1138 1769 errores:
1168 1709 1232 1767 Erat
1271 1771 1272 1778 ρ

131 1802 205 1861 enim
228 1799 297 1856 alius
322 1816 436 1876 quoque
461 1797 520 1858 dies
539 1801 706 1875 consimilis,
732 1803 811 1859 cuius
838 1803 960 1861 meminit
984 1820 1108 1861 marmor
1124 1802 1234 1861 Narbo·

129 1911 225 1963 nense,
245 1892 315 1950 thes.
336 1892 452 1950 Gruter.
471 1912 501 1970 p.
513 1895 587 1952 ²29:
614 1894 1234 1964 vn,lnvs.1aravuR.Qvll.D1E.l²lu-

129 1985 1191 2067 ΜνΜ.ιΜΡΕΒΝΜ.031318.ΤΕααΑΙτνΜ.ΑκεΡΙΟΑΤν8.Ε8Τ,
1208 1998 1236 2049 et

129 2080 236 2139 Plinius
255 2079 293 2137 Ν.
313 2079 340 2138 b.
362 2085 408 2150 ll,
429 2083 480 2138 732
508 2084 583 2140 Diuo
602 2082 730 2158 Aopuslo
749 2080 856 2158 Spoleti
871 2078 1056 2154 sentilianali,
1073 2085 1167 2159 prins
1181 2102 1236 2161 ps-

129 2175 240 2233 molis
256 2190 326 2232 suos
344 2173 395 2243 die,
415 2191 467 2232 ses
484 2177 664 2234 uictimarum
682 2177 804 2233 Jooiaoro
819 2204 855 2217 -
873 2180 1077 2250 repertorum.
1105 2176 1237 2257 Denique
1269 2214 1272 2219 -

128 2267 193 2325 fasti
218 2267 388 2326 Praenestini
413 2265 467 2327 Vll
486 2267 528 2326 ld.
548 2269 627 2327 lam:
653 2267 1125 2329 c.1atP.cansaR.avavsn
1136 2310 1146 2329 .
1158 2310 1167 2328 .
1179 2311 1188 2329 .
1200 2312 1210 2330 .
1220 2276 1234 2350 ll

128 2358 266 2418 lllRTlO
279 2360 503 2418 ‚Eranusa
525 2403 533 2419 .
553 2402 589 2421 ..
629 2362 821 2439 Suspicionem
846 2370 940 2421 tamen
966 2364 1068 2423 erroris
1083 2354 1237 2441 omeliam,

129 2470 204 2532 quae
222 2453 340 2509 suboriri
358 2455 456 2530 possit,
476 2465 592 2532 propter
610 2473 654 2525 ea,
673 2473 746 2532 quae
764 2454 846 2513 dicits

284 2548 323 2603 Vl
341 2545 451 2604 titolum
470 2551 578 2625 imperii
596 2566 681 2625 ραααι
699 2549 819 2625 primum
837 2546 896 2607 loos
913 2550 1037 2625 sequenti

323 2639 452 2714 Aapuslo
472 2642 565 2699 iuueni
582 2659 717 2717 prospero
735 2639 807 2699 bello
826 2640 934 2712 dormi,

125 2733 225 2813 procul
244 2731 349 2791 habeor
369 2751 505 2811 prospero
520 2737 606 2811 ρίρκα
624 2734 727 2793 multos
745 2734 854 2819 oodioes
872 2734 978 2794 habere
997 2733 1175 2795 amoenum
1193 2735 1236 2797 at-
1269 2786 1274 2795 .

125 2829 198 2886 sisse
216 2826 406 2884 burmanuum
428 2828 515 2887 uides.
549 2828 631 2887 Bello
648 2846 717 2887 uero
736 2829 906 2905 interpretor
924 2829 1075 2888 Annaeum.
1103 2833 1237 2889 Ιακααι

126 2920 314 2981 Octauianum
335 2922 445 2979 biennio
465 2924 547 2980 etiam
573 2932 655 3000 post,
680 2941 743 2980 oum
763 2923 893 2999 princeps
910 2922 965 2978 iam
984 2930 1077 2998 esset,
1102 2924 1236 2983 Horatios

124 3014 194 3073 dixit
213 3033 299 3076 earm.
322 3021 350 3090 1,
359 3021 388 3074 2.
431 3017 493 3073 Ηοο
511 3033 574 3073 oum
594 3016 695 3093 allego,
716 3034 802 3093 cogor
820 3014 860 3074 de
880 3034 975 3074 errore
993 3014 1149 3073 admonere
1165 3015 1236 3075 arni-

124 3128 189 3167 eum
208 3111 276 3170 Car.
297 3109 466 3184 Frankinm,
494 3110 588 3186 quiin
606 3108 683 3166 fastis
704 3108 861 3167 Horatianis
879 3126 1003 3182 annum,
1027 3126 1085 3185 quo
1103 3108 1235 3187 psiuoeps

127 3200 300 3260 Octauianus
314 3203 415 3279 dietus,
435 3222 498 3262 oum
517 3204 577 3277 illo,
596 3221 652 3280 quo
666 3203 844 3280 Imperatoris
859 3218 960 3260 nomen
977 3199 1124 3260 consulatu
1138 3199 1235 3277 quinto

124 3297 284 3372 assumpsit,
304 3297 437 3355 confudit.
474 3294 613 3357 Potuisset
630 3294 667 3354 ad
688 3308 782 3374 partes
799 3306 901 3355 uocare
919 3295 982 3353 Cin.
1003 3292 1041 3352 ad
1057 3292 1128 3351 lam·
1148 3294 1182 3369 9,
1196 3294 1235 3351 17

123 3388 172 3445 nbi
191 3388 228 3449 C.
249 3388 354 3445 Caesar
372 3391 502 3468 princeps
527 3388 614 3448 audit.
653 3389 772 3464 Restat,
799 3396 832 3446 ut
856 3395 1089 3445 oommemoretur
1108 3386 1137 3443 in
1154 3382 1235 3445 tum

122 3478 309 3539 Praenestinis
326 3498 422 3539 mense
433 3482 520 3558 Aprrli
539 3481 620 3540 huius
639 3500 753 3560 quoque
770 3482 811 3539 rei
830 3481 997 3539 mentionem
1015 3479 1121 3537 saetam
1135 3477 1234 3549 uideri,

123 3584 230 3632 restare
254 3585 347 3632 tamen
371 3591 407 3631 ex
425 3590 460 3630 eo
480 3574 610 3634 lemmate
634 3585 741 3633 tautum
768 3573 903 3650 syllabam
923 3571 995 3649 CO,
1018 3590 1055 3631 ne
1078 3575 1120 3631 sis
1138 3582 1235 3632 tamen

112 3654 234 3747 ¹quidem
254 3678 331 3726 recte
349 3669 572 3744 praetermissam
591 3686 609 3725 a
627 3668 773 3745 Fogginio.
848 3698 856 3717 ι

199 3764 243 3820 Ex
263 3761 407 3818 annalibus
427 3761 566 3818 ueteribus
580 3759 698 3820 Ouidius
716 3762 864 3839 sumpsisse
883 3758 1005 3837 uidetur,
1025 3775 1101 3838 quae
1118 3758 1176 3817 iam
1190 3776 1234 3819 ra·

121 3857 317 3914 censebuntur.
350 3853 475 3911 Primum
490 3853 643 3912 Fabianam
661 3853 779 3924 cladem,
799 3873 883 3932 qnam
901 3855 967 3912 dioit
986 3852 1120 3912 accidisse
1136 3850 1234 3911 Idibus

118 3949 296 4022 Februariis,
322 3956 421 4005 eontra
439 3945 648 4022 lsistorioorum,
673 3948 722 4027 qui
747 3958 871 4024 restant,
896 3947 991 4008 fidem.
1015 3944 1139 4006 -Omnes
1157 3945 1236 4005 enim

117 4041 217 4100 eodem
236 4042 282 4099 die
300 4041 392 4109 illam,
418 4059 474 4117 quo
501 4050 531 4099 et
550 4041 717 4117 Alliensem,
749 4042 881 4101 accidisse
899 4039 1024 4100 tradunt.
1062 4038 1126 4098 Lis.
1145 4040 1178 4111 b,
1197 4044 1244 4097 la

115 4134 237 4214 άίαατραα
256 4154 287 4195 α.-
304 4132 333 4194 (l.
353 4137 414 4193 Xl'
431 4133 501 4196 Kal.
521 4133 623 4194 Ssalil.
642 4133 745 4215 duplioi
763 4136 844 4197 alode
868 4137 1025 4213 massa,
1051 4150 1108 4210 quo
1127 4130 1176 4193 slis
1192 4128 1248 4193 al
