2550 4574
554 242 675 293 crarta
1102 244 1157 297 cot

55 386 510 479 pronerilnmvanoniannmde
526 403 639 456 rerunt.
654 399 726 472 1,2,
743 399 888 457 Romanor
904 394 1021 459 todmdo
1037 399 1158 473 ιιιιοιιι,

58 489 140 570 qnod
163 488 364 568 aliquomodo
387 496 494 566 spectu
518 486 555 546 ad
576 506 683 547 morem
708 488 833 547 mcrffieil
851 489 977 548 Hmculir
997 489 1094 569 anim,
1117 491 1157 555 dc

58 581 267 662 quodiamob.
286 591 341 641 ant.
364 580 502 658 3,5ιἰιι.
545 580 653 640 Eodem
680 581 841 641 referendum
865 591 993 641 estmoe
1018 587 1155 647 decimam

59 676 152 737 cidem
170 676 226 736 den
243 675 373 751 dicandi,
392 674 480 734 Maur.
499 683 552 733 ιιι.
573 676 751 751 3,12ἰιιίι.,
775 674 851 754 qnod
873 683 917 735 eat
938 676 1015 752 elau,
1038 679 1087 757 qui
1103 696 1157 757 rpa

58 771 154 849 aliqua
171 771 277 849 potitur
296 779 356 830 eata
380 768 447 827 nolo
466 768 503 827 ab
522 767 707 837 Molocntdo‘
722 770 908 829 coniecturam
933 769 1015 848 pauci
1039 773 1156 832 uominb
1176 761 1181 767 ’

57 862 166 924 iacere.
196 861 321 922 Alteram
340 862 533 941 appellationis
551 882 672 940 caucam,
690 862 740 924 aed
753 863 839 942 priori
852 862 976 938 allium,
993 864 1085 924 Varro
1102 882 1156 943 po·

59 957 114 1016 urit
130 973 218 1036 cupra
235 958 284 1016 lib.
293 957 332 1032 Y,
349 955 386 1014 ir.
400 957 430 1014 5.
460 954 582 1035 Propter
593 956 666 1015 hanc
679 966 708 1017 at
725 955 850 1016 sommia
863 956 928 1034 qnia
942 975 1046 1036 pompa
1058 957 1155 1017 trium-

58 1047 151 1127 plat·-
169 1066 223 1127 per
244 1049 336 1108 iorum
354 1049 480 1108 boarium
503 1048 568 1108 duci
590 1051 672 1109 solita
690 1049 770 1129 (uida
787 1068 858 1127 quoa
877 1049 975 1109 laudat
992 1050 1154 1111 Ambroacla.
1199 1064 1223 1135 .‘

59 1141 178 1201 Focrclr.
193 1144 287 1221 pta)
306 1143 440 1221 templum
459 1141 576 1200 alterum
589 1143 715 1201 Hercnlir
725 1143 844 1202 Victoria
858 1144 959 1222 attigit,
978 1142 1053 1203 nuda
1069 1144 1155 1204 ctiam

59 1233 185 1313 praedae
196 1236 325 1312 publicae
338 1234 445 1294 decima
458 1235 585 1296 dedicata
597 1244 641 1296 cat
652 1236 724 1311 (nid.
736 1237 911 1314 Hartnngum
924 1243 955 1311 2,
971 1255 1002 1315 p.
1011 1237 1076 1309 25),
1094 1245 1155 1296 tum

60 1328 128 1407 qd·
146 1346 183 1388 cx
200 1330 325 1388 inatituto
339 1328 427 1388 ueteri
445 1330 540 1388 laurus
553 1328 738 1389 adhibebatur
756 1347 836 1389 aacro
855 1329 891 1389 nd
909 1347 985 1389 aram
997 1327 1155 1400 Maximam,

60 1419 146 1481 Seru.
158 1419 197 1480 ad
209 1423 280 1481 Aen.
291 1425 322 1498 8,
332 1425 401 1498 276,
420 1419 486 1481 inde
502 1421 607 1481 iactum
627 1422 750 1498 nidetnr,
767 1433 799 1483 ut
818 1423 950 1482 Herculea
960 1422 1057 1481 Victor
1073 1421 1157 1481 etiam

48 1512 254 1597 ,Triumphalia
271 1514 422 1590 diceretur,
440 1513 516 1592 quod
534 1524 653 1576 tentatur
669 1517 851 1575 Pliniuamat.
864 1517 928 1576 lairt.
940 1517 1048 1590 34,15.
1078 1516 1157 1575 liaeo

61 1605 126 1684 ipra
143 1606 239 1666 leucae
255 1625 293 1668 ex
309 1609 446 1668 Auentino
464 1618 558 1669 monta
576 1611 629 1670 rita
647 1609 778 1690 petenda,
797 1619 897 1668 natura
915 1609 980 1683 noli,
998 1617 1108 1666 antrum
1126 1609 1155 1667 ln

63 1714 101 1758 eo
118 1700 309 1775 montaluo
326 1700 457 1761 Clausen.
476 1721 542 1762 ann.
564 1705 709 1779 miluo),
727 1703 782 1762 lori
801 1703 888 1762 boaril
906 1719 1017 1776 nomen,
1035 1700 1156 1760 sufficie·

62 1790 133 1850 bant
151 1791 190 1853 ad
208 1793 400 1854 attrahendam
419 1797 483 1855 illuc
497 1798 566 1856 Caci
579 1797 718 1856 fabulamc
741 1809 818 1855 aram
836 1796 910 1855 iouia
928 1795 1082 1853 lnuentoria
1100 1812 1157 1854 non

61 1901 136 1962 opun
155 1893 200 1944 ert
217 1904 283 1946 canu
302 1887 404 1947 ibidem
422 1891 554 1962 οιιίιίιιιι,
573 1889 629 1949 nid.
648 1907 733 1967 cupra
752 1909 782 1968 p.
795 1907 893 1964 cxxr;
912 1887 1074 1946 crediderim
1092 1894 1158 1967 pont

61 1975 190 2036 fabulam
207 1989 349 2058 receptam
368 1991 538 2059 extructam,
561 1982 603 2042 uti
623 1992 653 2043 et
671 1983 789 2041 alterum
806 1982 875 2040 illud
894 1980 1020 2041 Herculio
1038 1980 1158 2040 Victoria
1253 2029 1254 2032 ,

63 2071 220 2150 templum,
238 2073 275 2132 de
293 2094 350 2153 quo
367 2075 481 2134 Masurii
501 2076 597 2135 Sabini
616 2076 702 2135 uerba
720 2075 846 2155 aacripait
864 2073 1058 2133 Macronem.
1078 2078 1110 2148 3,
1127 2075 1157 2133 5.

62 2161 140 2222 Fieri
158 2165 241 2224 ειίιιιι
259 2170 361 2246 potuit,
380 2179 413 2227 ut
429 2187 583 2247 cognomen
601 2170 692 2247 iprum
710 2169 803 2247 aliquo
822 2166 932 2226 demum
948 2173 1013 2243 poet
1031 2175 1159 2244 tempora
1227 2198 1232 2209 ι

62 2255 207 2316 inderetur
219 2258 284 2336 deo,
301 2261 376 2339 quod
395 2263 442 2320 ille
453 2261 568 2321 Masurii
584 2262 663 2320 iocur
680 2261 801 2321 indicare
815 2259 933 2318 uidetur.
963 2257 1039 2335 Ergo
1057 2258 1086 2316 in
1104 2257 1159 2335 h‘u,

63 2367 140 2428 quae
157 2350 270 2412 fabulae
288 2354 492 2414 adiunctionem
509 2355 690 2432 praecentione
711 2361 840 2431 oportet,
867 2352 896 2409 in
920 2350 1030 2409 nomine
1048 2346 1157 2430 ipaoet

64 2445 139 2520 ritu,
164 2446 274 2505 inuenio
297 2446 419 2506 Sabinae
443 2448 553 2525 originis
576 2446 701 2524 uestigia.
743 2446 866 2505 Laurum
892 2444 966 2503 illam
991 2461 1026 2503 ex
1048 2444 1157 2504 lauram

63 2537 195 2597 Auentini
214 2540 313 2599 muntia
330 2541 446 2618 petitam
464 2557 526 2599 aare
544 2540 655 2599 demum
673 2550 739 2620 post
755 2541 793 2599 V.
813 2539 848 2598 C.
866 2547 961 2596 monet
978 2554 1014 2595 ex
1031 2537 1159 2598 Varrone

64 2630 184 2690 Seruius
201 2630 221 2693 l.
241 2632 325 2691 modo
342 2633 411 2704 ind,
433 2635 494 2694 aine
511 2633 597 2693 dubio
615 2634 681 2713 quia
699 2633 736 2692 de
758 2632 865 2691 laureto
888 2633 917 2690 in
936 2631 1013 2688 'l'atii
1029 2631 1158 2708 sepulcro
1232 2680 1234 2685 ⁴

40 2784 43 2793 ,
65 2722 166 2782 eadem
185 2726 288 2805 scripta
305 2728 422 2804 inuenit,
439 2746 513 2806 qnae
531 2736 627 2787 extant
645 2725 682 2786 de
699 2726 719 2785 l.
739 2726 789 2785 lat.
807 2726 839 2802 5,
859 2725 926 2797 152,
944 2724 1022 2783 Fert.
1041 2742 1071 2803 p.
1088 2727 1159 2800 350,

66 2820 106 2874 53
125 2815 211 2889 dext,
231 2818 393 2899 quibuscum
410 2822 571 2880 conferatur
589 2821 703 2880 Semina
721 2819 758 2878 ud
778 2821 847 2878 Aen.
866 2821 895 2889 7,
908 2819 979 2877 6572
1002 2820 1094 2877 Varro
1111 2825 1161 2877 to-

65 2927 130 2968 ιιιιιι
148 2909 214 2970 dicit
236 2915 267 2972 in
287 2920 366 2990 parto
383 2933 430 2992 po.
449 2919 488 2975 R.
508 2913 628 2974 Sullana
646 2932 667 2973 o
684 2913 804 2974 nuncto
822 2919 962 2989 nocoptos
978 2913 1063 2969 ictum
1081 2928 1161 2970 αισι-

65 3005 143 3082 picot
158 2994 278 3065 montem
296 3017 367 3067 caet.
406 3008 515 3068 Deinde
534 3018 605 3068 teate
623 3007 721 3068 eodem
745 3006 782 3065 ad
802 3010 852 3080 12,
868 3003 927 3062 535
950 3005 1061 3080 nupero
1077 3002 1161 3061 Sabi-

65 3113 169 3156 norum
187 3098 282 3177 1inogna
299 3101 429 3161 dicuntur
445 3103 604 3161 cacerdotea
617 3109 647 3160 ct
659 3099 785 3159 Herculis
802 3106 867 3156 aunt
884 3095 1052 3154 anemonen
1084 3095 1161 3154 Tum

67 3187 232 3268 Propertiua
250 3201 374 3253 extrema
391 3196 444 3259 ecl.
457 3199 486 3255 9.
506 3195 554 3255 lib.
568 3194 587 3254 5
607 3191 741 3275 quicquid
756 3199 901 3268 praeterea
920 3188 998 3262 dicit,
1016 3187 1091 3266 qnod
1110 3187 1162 3247 lro·

67 3279 116 3340 dia
138 3301 195 3341 nou
214 3285 350 3364 expedio,
374 3287 441 3347 dicit
463 3297 539 3346 certe
551 3285 634 3345 lrunc
653 3286 803 3344 Herculem
823 3281 890 3340 Caci
912 3280 1047 3339 uindicem
1065 3299 1164 3341 conco

68 3383 178 3434 eratum
197 3378 346 3439 aSabinia.
379 3381 536 3457 Postremo,
555 3380 631 3458 quod
650 3386 767 3457 propter
785 3376 855 3434 llaec
869 3372 952 3433 modo
971 3375 1061 3453 posita
1079 3362 1164 3433 nolim

69 3471 225 3546 attractari,
243 3471 334 3532 Varro
352 3473 389 3533 de
407 3474 427 3532 l.
441 3474 462 3533 l.
476 3475 507 3550 5,
517 3476 572 3533 74.
591 3471 684 3532 Paulo
702 3470 784 3530 clim
801 3467 838 3529 cl
852 3466 957 3527 οἱιόοιιι
968 3468 1104 3544 (Sabinis)
1117 3467 1164 3527 dl-

69 3564 161 3622 cimttc
174 3565 327 3627 Herodem.
365 3565 467 3644 Neque
481 3566 624 3625 Garanum
640 3564 774 3624 Sabinum
792 3580 893 3622 numen
910 3560 996 3619 suinae
1014 3569 1095 3638 puto,
1113 3576 1165 3618 na·

69 3673 128 3732 quc
147 3655 248 3729 habeo,
267 3659 407 3737 quomodo
427 3659 482 3716 huc
500 3667 607 3717 uenam
626 3655 702 3736 quod
720 3656 845 3715 Macrob.
864 3663 918 3713 cat.
938 3656 1017 3728 3,12
1036 3670 1055 3710 a
1071 3652 1166 3730 ponti·

70 3746 170 3808 ficibm
183 3751 330 3812 Herculem
348 3772 402 3832 pro
415 3751 507 3811 Marta
525 3750 621 3810 haberi
639 3751 716 3826 dicit,
733 3766 826 3828 nequa
843 3746 916 3805 hanc
933 3747 970 3805 ob
988 3764 1048 3806 rem
1065 3745 1102 3805 ad
1120 3747 1165 3806 ia·

70 3851 164 3902 oerloa
182 3843 251 3904 deoc
271 3845 375 3904 referre
393 3845 507 3904 heroem
526 3844 610 3904 uolui.

149 3935 195 3996 De
215 3939 426 3998 Castoribua
443 3938 587 4016 praeclare
604 3935 757 4015 disputauit
769 3933 932 3995 Glauceniua
950 3950 980 4011 p.
994 3930 1166 3996 ool-67⁰.

71 4025 109 4088 P.
124 4030 185 4088 554
203 4039 232 4090 et
249 4033 308 4090 555
325 4029 532 4091 demonstratur
549 4038 597 4088 aut
614 4029 734 4090 Panatea
752 4028 911 4088 umbratilea
929 4025 1063 4105 qnondam
1080 4024 1167 4083 iuiace

72 4121 238 4202 vanarn,
254 4133 306 4214 aut
319 4125 463 4187 Castorem
476 4132 506 4186 et
517 4123 658 4186 Pollucem
675 4124 794 4185 illnatrea
804 4121 934 4184 Penates.
964 4118 1023 4180 Sed
1037 4124 1069 4177 ut
1079 4117 1167 4194 Spar·
