2550 4574
104 288 211 339 1.me
507 280 640 329 OVIDIVS
661 277 809 328 CLODM

106 450 173 517 aut,
198 439 264 520 qnia
280 433 395 497 Clodius
413 432 454 493 xl
471 430 538 493 Kal.
557 430 684 493 occidere
709 448 772 491 eam
790 427 874 507 dicit,
900 424 1041 501 Ouidus,
1068 432 1102 485 ut
1126 425 1205 502 solet¹

105 535 232 614 proxime
255 540 337 591 nocte
360 527 492 588 occidisse
516 535 607 587 notat.
649 525 745 584 Altero
769 524 833 583 ioco
855 519 987 581 conuenit
1011 517 1119 578 Ouidio
1145 536 1205 579 cum

106 625 224 702 Clodio,
249 624 273 682 si
298 622 423 683 adittinita
441 620 541 680 ideieri
566 617 693 677 doctrina
717 616 885 675 intellexeris
903 612 1037 694 Ouidirmr
1055 612 1205 673 oomex‘nse

106 720 205 779 leuiter
221 715 313 805 Cindii
338 717 434 776 uerba.
479 713 507 772 ls
531 712 640 791 scripsit
664 707 705 791 τῇ
725 702 785 788 npd
804 701 832 787 γ’
851 708 956 768 voror
973 700 1012 766 sd
1036 698 1137 783 paloor
1155 706 1205 766 soi

107 805 231 879 λέοντος
250 804 308 868 oris
326 810 367 890 τῇ
385 801 466 889 ic'pp
484 794 600 866 ddecus.
637 803 721 883 Atqui
746 822 803 863 non
821 803 903 861 simui
920 799 1080 889 occidunt,¹
1094 800 1147 860 red
1166 802 1205 861 lec

84 924 199 980 rmane,
218 901 280 981 lyra
300 901 421 981 uesperi,
439 900 508 959 idel.
526 918 556 977 p.
567 898 642 972 1563
669 897 767 957 eadem
786 896 870 974 igitur
888 905 991 971 nocte,
1008 894 1062 953 sed
1079 896 1160 954 cuius
1177 912 1206 955 aa

105 1017 183 1076 pars,
202 1014 258 1077 qua
276 996 338 1073 ipra
356 993 466 1071 oceidit,
485 991 522 1051 ad
541 991 581 1050 tv
599 991 676 1050 Nou.
695 991 825 1070 pertinet.
852 990 928 1048 'Hoc
945 996 996 1047 sut
1014 986 1133 1047 Clodius
1151 988 1206 1067 ipse

107 1093 262 1150 accuratius
287 1088 444 1162 extiterat,
470 1083 558 1145 ueluti
575 1084 616 1143 vt
633 1083 700 1143 Kal.
719 1084 804 1143 Febr.
823 1084 884 1143 eius
908 1084 950 1143 rei
975 1082 1093 1159 uestigia
1111 1082 1206 1157 hoba,

107 1195 157 1244 aut
174 1202 192 1242 a
206 1183 366 1242 Ptolemaeo
382 1200 413 1260 p.
423 1183 463 1238 80
472 1179 511 1256 D,
529 1179 585 1238 hoc
602 1186 656 1250 est,
676 1177 712 1236 ab
731 1194 778 1252 eo,
796 1178 916 1257 quomis
934 1186 965 1238 et
976 1166 1092 1237 Ciodius
1109 1172 1206 1246 reddi¹

110 1278 267 1338 admonitos
285 1284 328 1334 est
347 1275 435 1333 Naso.

184 1369 337 1448 Delphinus
361 1364 512 1427 secundnm
537 1364 612 1444 ipsos
637 1366 822 1425 astronomiae
840 1363 961 1423 calculos
985 1378 1107 1441 uespera
1124 1360 1206 1437 oritur

108 1465 150 1523 lv
168 1462 210 1522 ld.
230 1463 291 1521 iun.
311 1462 433 1539 itemque
456 1458 531 1539 apud
551 1457 679 1518 Clodium
704 1470 735 1518 et
758 1457 835 1539 apud
853 1456 986 1517 Ouidium
1004 1458 1035 1531 o,
1055 1456 1125 1515 471.
1149 1454 1206 1514 Ge·

109 1557 200 1614 minus
212 1573 242 1632 p.
252 1557 292 1613 70
305 1555 328 1612 Δ
344 1553 470 1633 proxime
488 1552 606 1628 accedit,
623 1553 648 1611 si
661 1552 769 1612 Arcturi
782 1560 812 1612 et
825 1549 956 1630 Delphini
974 1566 1108 1610 numeros
1121 1556 1206 1609 trans·

110 1667 212 1727 ponas,
229 1647 279 1706 sed
299 1666 352 1726 pro
370 1639 411 1725 ιγ’
429 1655 460 1706 et
477 1638 530 1724 ιη’,
549 1637 590 1724 ιη’
609 1655 639 1705 ct
656 1638 702 1725 κγ’
722 1655 822 1706 mutes.

188 1739 299 1799 Pliadas
319 1737 438 1798 Ouidius
456 1738 523 1799 dicit
541 1757 639 1799 omnes
663 1739 748 1819 aspici
772 1739 810 1799 111
828 1735 870 1795 ld.
889 1736 969 1812 etat,
997 1734 1083 1794 biduo
1098 1732 1207 1815 quidem

110 1843 187 1911 ante,
206 1851 290 1915 quam
309 1849 410 1892 seuera
428 1830 458 1891 id
476 1831 538 1891 fieri
556 1832 639 1892 docet
654 1833 776 1893 idelerus
789 1852 821 1912 p.
831 1833 898 1891 152.
927 1828 986 1890 Sed
1000 1827 1133 1888 Clodium
1150 1827 1207 1887 red·

109 1927 162 2002 dit,
182 1924 313 2007 qniinde
333 1943 351 1983 a
375 1924 466 1984 Nonis
484 1926 641 2007 aliquoties,
659 1926 709 1986 sed
728 1937 870 2006 postremo
888 1925 927 1984 lv
940 1924 983 1984 td.
1002 1933 1096 1982 ortum
1114 1921 1205 2000 Vergi-

109 2021 209 2080 liarum
227 2018 350 2092 ascribit,
370 2035 423 2077 nec
436 2019 538 2078 omittit
551 2019 715 2099 principium
733 2019 857 2094 aestatis,
876 2015 953 2096 quod
971 2034 1042 2077 cane
1060 2012 1203 2076 credasnd

111 2131 177 2173 eum
194 2112 269 2173 diem
287 2113 386 2190 magis,
406 2131 490 2191 qnam
509 2112 547 2171 ad
564 2113 660 2173 sideris
679 2122 782 2187 ortum,
801 2122 859 2172 tum
878 2108 1046 2190 perfectum,
1063 2110 1202 2191 pertinere.

110 2206 191 2286 Apud
210 2207 359 2265 Geminum
379 2224 409 2284 p.
424 2204 503 2264 691)
522 2225 575 2284 pro
594 2201 626 2265 ἓν
645 2204 685 2287 τῇ
703 2197 753 2282 spi
771 2202 848 2284 legas
866 2204 931 2263 iicet
949 2195 1008 2264 κδ’.

186 2298 294 2358 Eodem
313 2297 397 2357 modo
421 2298 477 2358 fine
501 2299 563 2358 libri
581 2302 669 2379 quinti
694 2299 876 2359 astronomica
895 2316 969 2376 quae
993 2297 1153 2371 tentabant,
1175 2313 1205 2353 cx

112 2409 169 2468 quo
187 2392 273 2449 solem
292 2391 320 2448 in
340 2392 475 2452 Geminos
493 2394 571 2454 abire
593 2394 719 2467 dixerat,
744 2393 856 2467 (canem
875 2390 948 2450 enim
966 2389 1033 2450 illoc
1050 2408 1106 2450 non
1125 2388 1205 2468 pcrti-

113 2500 181 2544 nera
198 2482 271 2544 infra
289 2482 402 2558 disces,)
421 2486 460 2545 ita
478 2486 705 2566 comprehendit:

311 2575 434 2650 Auferat
451 2596 487 2637 aa
506 2579 592 2640 ousiis
608 2582 721 2639 ueniens
737 2579 851 2641 Aurora
872 2584 987 2657 Booten,
1032 2594 1036 2603 ·

362 2669 553 2749 Goatirusuquo
569 2670 614 2732 die
630 2671 716 2740 sirius¹
727 2675 849 2748 Hyantis
867 2677 935 2734 scits

113 2759 168 2818 hoc
185 2769 239 2836 est,
257 2761 426 2843 simulatque
445 2775 572 2826 arcturus
590 2766 732 2844 occiderit,
753 2766 866 2846 Hyadas
884 2765 1055 2847 pedetentim
1074 2782 1162 2845 usque
1176 2761 1208 2821 ad

114 2853 197 2913 finem
215 2856 315 2915 mens'u
336 2858 468 2917 continuo
486 2858 567 2917 oriris
598 2857 691 2931 Nota,
718 2869 749 2919 ut
768 2869 852 2938 puto,
872 2870 1011 2921 structura
1029 2856 1208 2937 mammii&

114 2945 175 3006 Cir.
187 2946 218 3021 i,
229 2947 303 3008 77⁵2
321 2953 451 3010 marioni
464 2956 500 3023 si,
519 2950 549 3009 h.
563 2969 590 3010 e.
603 2952 627 3010 si
645 2953 786 3029 eueniant,
805 2953 955 3030 iaciemus,
974 2958 1083 3028 ³2⁸⁰⁹3
1103 2949 1208 3027 Μῦς

114 3039 229 3119 5,634;
253 3043 441 3121 2‚1oo,855.
474 3043 562 3105 Sidus
580 3047 643 3123 orit,
664 3056 696 3106 nt
712 3052 743 3124 2,
755 3046 813 3105 695
834 3050 920 3106 Lurco
936 3040 1004 3121 fuit.
1042 3046 1155 3106 Scilicet
1171 3042 1208 3102 ie·

115 3142 194 3209 gerat
212 3133 288 3214 apud
306 3136 437 3196 Clodium
456 3139 604 3197 Arctorum
622 3137 748 3200 occidere
765 3139 817 3199 xit
834 3140 914 3218 Kal,
939 3159 972 3199 ac
989 3139 1093 3198 deinde
1110 3138 1208 3215 aliquo·

115 3225 166 3283 ties
186 3226 316 3304 Suculae,
336 3230 383 3289 nel
402 3231 541 3307 Taurum,
560 3232 637 3291 cuius
655 3251 721 3311 pars
740 3242 816 3310 sunt,
836 3235 901 3293 oriri
920 3233 986 3307 (vu
998 3230 1046 3292 ΚΡ
1063 3229 1208 3290 emendam

115 3315 182 3375 dum
202 3312 396 3397 ercidetur),
415 3322 505 3385 donec
522 3325 590 3385 ΚΑΙ.
608 3326 671 3386 ion.
690 3319 723 3385 ni
741 3316 833 3398 irridet
851 3318 924 3387 dior
942 3318 1141 3403 dsiuxovuor
1159 3322 1208 3382 die

117 3409 170 3470 bus
189 3411 359 3472 intermediis
377 3425 452 3476 certe
469 3436 526 3477 nnn
547 3419 674 3480 aberam.

190 3503 312 3565 Easdem
329 3506 443 3583 Hyadas
463 3510 491 3581 4,
505 3512 564 3570 677
581 3511 693 3592 uesperi
711 3509 778 3570 dicit
795 3513 922 3574 occidere
941 3512 1008 3574 xvi
1022 3512 1070 3572 uel
1084 3510 1140 3573 XV
1151 3506 1208 3569 tint

114 3594 195 3673 Mai,
215 3615 306 3677 neque
324 3617 343 3658 a
362 3602 480 3661 ueritate
498 3603 591 3681 louge,
610 3615 641 3670 et
658 3614 773 3664 anctore
791 3606 903 3670 Clodio.

190 3691 276 3761 Quod
295 3692 332 3753 de
350 3692 458 3754 Orione
475 3697 507 3771 (i,
525 3699 584 3755 717
602 3696 731 3773 traditm,
748 3717 811 3757 cum
830 3699 930 3759 Clodio
949 3718 984 3758 ex
1002 3696 1049 3758 ed.
1070 3692 1149 3756 Harii
1166 3694 1209 3754 mi

115 3801 168 3841 nus
186 3787 332 3861 conuenit,
351 3797 381 3845 at
399 3805 434 3845 ex
453 3789 581 3848 uersione
598 3789 711 3849 Leonici
729 3792 851 3868 optime,
871 3794 920 3870 qui
937 3792 992 3852 XV
1009 3791 1076 3851 Kal.
1094 3790 1149 3853 ini.
1166 3786 1208 3847 iu

114 3893 205 3936 meros
219 3876 331 3939 Orionis
349 3898 493 3958 emergere
508 3880 584 3940 dicit.
613 3883 658 3942 De
675 3883 729 3942 hac
743 3885 902 3944 diuersitate
919 3887 1034 3964 eiusque
1048 3900 1134 3943 causa
1146 3881 1209 3941 inis:

116 3968 202 4048 leges.
242 3974 388 4057 Geminus,
407 3978 467 4034 siue
484 3975 660 4036 Democritus
679 3977 755 4056 apud
773 3979 923 4038 Geminum
941 3998 973 4058 p.
981 3979 1060 4038 7οΔ
1078 3977 1142 4052 iim,
1160 3990 1209 4034 me

114 4062 175 4122 dius
194 4072 236 4124 est
260 4067 333 4125 inter
350 4064 525 4147 utrumque.'
550 4068 620 4127 Vtut
648 4066 707 4146 est}
732 4089 803 4150 nego
823 4083 920 4130 contra
937 4072 1135 4132 astronomiam
1152 4084 1209 4151 pet

114 4158 172 4217 cari
187 4158 314 4238 potuisse
333 4161 374 4253 ab·
388 4159 503 4238 Ouidio,
521 4162 544 4221 si
560 4163 584 4223 is
597 4163 726 4223 Clodium
744 4164 874 4245 inspexit,
891 4166 969 4246 apud
988 4183 1073 4247 quem
1091 4174 1209 4246 sequen*-
