2550 4574
78 230 80 235 ·
115 218 287 298 'ccxxxiv
612 219 655 266 nn
677 206 752 267 6616
817 272 820 276 ,

214 369 420 451 Apollinem
441 368 625 431 diuinatorem
649 379 679 431 ot
703 368 1054 446 66616666111116116,
1078 370 1172 431 officia
1191 373 1237 434 dei

138 466 334 525 uetustioribus
352 464 488 523 Romanis
512 475 579 524 nota
604 457 798 543 complexus'
815 464 890 523 Nam
914 465 1131 526 demonstratum
1157 478 1237 528 6116

138 558 287 619 Clausenio
307 577 336 636 p.
350 559 409 616 616
427 574 464 616 ex
489 560 698 619 narratiuncula
723 557 760 615 ds
778 558 902 635 Sibyllae
920 559 1041 618 Romam
1064 557 1191 619 aduentu
1209 573 1238 622 et

25 642 33 675 ³
136 650 175 709 de
197 650 323 709 consulto
348 651 545 729 a'l'arquiuiis
569 655 682 711 oraculo
700 651 854 729 Delphico,
880 670 936 729 qua
963 652 990 708 in
1015 669 1047 710 16
1066 651 1187 712 Ouidius
1204 660 1235 730 2,

135 730 269 821 711166.
290 743 374 805 611616
394 756 536 805 auctorem
555 749 681 824 sequitur
700 764 734 803 ac
751 745 898 821 Dionysius
916 746 948 819 4,
966 747 1015 819 os,
1041 744 1091 804 sed
1115 746 1236 807 eundem

63 896 66 905 ,
134 852 199 894 cum
217 836 299 894 Liuio
320 844 347 912 1,
365 838 415 913 66,
434 839 526 917 colligi
545 859 628 918 posse
646 841 759 918 priuata
778 838 912 917 Apollinis
930 854 1010 895 sacra
1035 836 1236 900 stocaeen·

82 978 86 985 .
133 926 209 987 sibus
228 930 344 1003 (lustin.
363 934 415 1003 43,
429 931 468 1008 3)
489 932 648 1015 'l'arquiniis
668 931 785 991 traditas
812 932 1003 990 Plrocaeenses
1023 930 1097 989 enim
1116 934 1237 992 coluisse

134 1023 290 1101 Apollinem
304 1023 421 1084 docetur
440 1031 644 1104 ann.1100ay.
679 1028 761 1083 Hunc
775 1025 929 1102 Apollinem
945 1022 1128 1084 diuinatorem
1146 1026 1236 1086 fuisse

132 1117 222 1194 magis
242 1110 360 1194 apparet
378 1138 413 1177 ex
432 1123 633 1180 narrationibus
652 1119 720 1193 istis,
741 1136 825 1196 quarn
846 1136 882 1175 ex
901 1118 1072 1193 coniectura,
1090 1118 1235 1178 audaciori

133 1209 270 1286 fortassis,
291 1212 430 1270 Clausenii
448 1214 485 1273 66
497 1215 678 1291 Thymbraeo
695 1212 759 1270 deo.
794 1209 908 1268 Publice
926 1210 1030 1269 cultum
1050 1198 1111 1270 esso
1129 1230 1237 1288 coguo-

133 1302 220 1361 scitor
237 1321 271 1362 ex
283 1303 356 1363 Liuii
372 1307 462 1364 uerbis
475 1311 505 1382 3,
518 1309 556 1364 63
575 1306 612 1365 66
631 1305 718 1364 661611
736 1313 880 1382 pratorum
894 1303 1091 1363 Flaminiurum
1110 1306 1234 1381 nomine,

43 1414 46 1419 ’
132 1411 206 1475 quas
225 1398 343 1454 certiora
361 1398 846 1474 1661166661661166’1,1.6,62,
865 1404 924 1455 tum
943 1416 979 1456 ex
995 1416 1041 1473 so,
1061 1398 1139 1476 6666
1158 1417 1234 1458 anno

92 1540 97 1553 ,
131 1489 169 1551 V.
185 1490 220 1550 C.
237 1493 294 1548 ³56
313 1478 399 1569 legati
413 1492 538 1572 Delplros
557 1492 715 1551 missisunt
732 1493 897 1549 sciscitatum
912 1489 948 1549 de
965 1491 1109 1570 prodigiis,
1126 1491 1189 1551 [16.
1200 1493 1233 1567 6,

132 1584 181 1646 16.
211 1584 242 1643 16
255 1583 469 1662 indigitamentis
483 1587 593 1645 Sabinis
608 1585 653 1643 bic
666 1585 746 1660 deus,
765 1586 812 1662 qui
831 1585 906 1642 solus
925 1584 998 1642 inter
1016 1583 1134 1644 selectos
1151 1604 1234 1667 grae·

131 1696 195 1737 cum
218 1692 320 1737 nomen
341 1681 481 1754 seruauit,
505 1697 566 1737 esse
585 1697 641 1736 non
660 1679 764 1757 poturit,
790 1677 972 1736 61111666.
987 1680 1084 1752 -2,76.
1122 1678 1234 1746 Quam·

130 1788 216 1848 quam
234 1771 262 1829 id
281 1789 381 1831 nomen
401 1773 522 1832 Romani
548 1782 732 1850 corruperunt
758 1783 866 1830 maturo
891 1771 928 1830 ad
946 1772 1113 1829 Sabinorum
1140 1772 1233 1830 numi·

129 1882 197 1923 nnrn
216 1864 418 1925 similitudinem
437 1865 622 1942 6116661666
640 1865 784 1941 Apertam,
805 1864 885 1924 Paul.
899 1865 979 1924 Diae.
994 1870 1045 1940 22,
1057 1864 1104 1922 16.
1143 1864 1232 1924 Prae·

130 1966 209 2017 terea
228 1957 293 2017 inde
311 1960 347 2016 ab
366 1976 440 2018 anno
458 1958 494 2019 V.
510 1959 543 2018 C.
559 1962 622 2016 622
640 1977 676 2016 ex
696 1958 772 2015 iussu
786 1959 922 2019 librorum
941 1957 1139 2034 Sibyllinorum
1158 1968 1232 2018 teste

128 2039 213 2111 ¹Liuio
225 2054 257 2127 4,
267 2050 305 2109 26
324 2050 347 2110 is
367 2052 484 2130 Apollo,
510 2051 843 2130 66661166166166161.
864 2055 946 2126 1,17
966 2070 984 2110 6
1002 2050 1152 2127 uirginibus
1172 2052 1231 2110 Vs·

73 2177 75 2181 .
129 2145 243 2203 staiibus
258 2145 406 2207 ‘Medicum
424 2153 452 2206 sl
469 2149 587 2205 Paeana
605 2143 765 2202 1666661616
785 2144 862 2219 61611,
882 2144 936 2202 6611
955 2146 1058 2223 coepit,
1080 2145 1231 2204 6166661-

129 2237 240 2311 bruscb.
260 2257 291 2317 6.
302 2242 356 2300 171
376 2257 442 2299 ann.
454 2240 492 2297 66
512 2248 540 2297 61
559 2237 690 2297 Clausen.
709 2229 924 2316 6268-211,
943 2256 973 2316 p.
987 2241 1061 2296 1008
1072 2252 1145 2317 166.,
1163 2238 1231 2316 ple·

125 2348 247 2410 rumque
265 2343 381 2410 propter
398 2332 585 2412 pestilentias,
610 2333 741 2405 abortus,
764 2331 811 2389 uel
833 2332 930 2390 similia
949 2331 1228 2409 morbasspradigia

129 2425 285 2501 expianda,
310 2428 393 2503 plane
419 2416 932 2503 616666(1166666-1πικοῦριος61
955 2417 1149 2499 616ξ1κακος,
1174 2424 1228 2483 do·

130 2528 211 2576 cente
225 2519 362 2577 Pausania
381 2521 412 2592 8,
424 2519 472 2591 40,
483 2521 517 2590 7;
538 2521 566 2575 8.
600 2520 675 2605 Quia
694 2527 787 2576 tameo
807 2516 862 2575 boc
879 2536 992 2596 quoque
1010 2519 1129 2576 alterum
1148 2518 1227 2600 apud

128 2611 283 2673 Varronem
308 2612 352 2670 dei
372 2629 474 2668 numen
493 2611 578 2667 latina
596 2610 734 2686 Apollinis
752 2611 934 2687 originatione
953 2611 1228 2671 Romaniiniorma·

72 2736 76 2743 ·
129 2713 210 2775 runt,
236 2704 552 2780 Ρ661.Ι)166.22,14,
577 2702 700 2761 Macrob.
724 2708 750 2773 1,
767 2707 815 2778 17,
839 2704 1096 2782 166616161616161
1119 2705 1226 2765 1661661

127 2814 200 2874 esse,
218 2808 250 2858 61
268 2799 389 2858 Marcius
409 2804 487 2855 uates
506 2814 580 2854 anno
599 2797 636 2855 V.
648 2797 682 2855 C.
700 2798 760 2854 640
778 2796 813 2855 66
833 2797 1027 2876 depellendum
1047 2799 1127 2858 ltalia
1145 2801 1227 2859 Han·

126 2892 245 2953 61661616
266 2893 373 2951 1666161
391 2890 472 2948 ludos
491 2890 594 2948 institui
607 2891 742 2970 Apolliui3
762 2892 812 2949 nisi
829 2895 954 2952 amulcus
973 2893 1148 2952 uocabulum·
1160 2886 1227 2973 pra·

124 3002 201 3044 mere
219 2988 287 3045 uelis
307 2986 382 3064 apud
401 2985 465 3045 Liu.
486 2981 535 3057 26,
553 2990 605 3042 122
625 2985 766 3042 Clausenii
785 2983 913 3062 displicet
934 2988 1004 3044 ratio
1024 3006 1053 3064 p.
1066 2988 1139 3046 2601
1161 2987 1225 3047 also

124 3078 185 3139 dero
201 3081 339 3158 Wolfpoll
353 3079 446 3157 Apoll,
466 3077 514 3136 der
532 3077 583 3135 aas
596 3078 713 3138 Foiudca
731 3079 775 3138 siu
796 3078 879 3152 Wolf
892 3080 1001 3139 mardoo
1018 3079 1082 3154 soll,
1102 3098 1143 3138 zu
1161 3081 1224 3144 m-

10 3208 15 3217 .
123 3190 183 3234 cco.
223 3175 258 3233 lli
286 3194 352 3233 uero
374 3174 432 3234 ludi
451 3174 517 3251 6616
540 3172 642 3230 scenici
666 3170 775 3230 matu'ro
798 3172 913 3231 suerunt
930 3168 992 3243 ¹(ita
1010 3174 1084 3230 enim
1102 3173 1224 3234 16116616

124 3265 257 3325 dissensio
283 3270 355 3327 inter
373 3267 482 3327 Liuium
502 3267 603 3337 26,12
629 3267 675 3324 661
703 3267 796 3343 potins
815 3267 955 3324 Valerium
974 3267 1132 3342 Antiatem,
1158 3268 1223 3327 uide

33 3360 36 3373 '
123 3358 188 3420 Liu.
204 3364 252 3435 36,
263 3365 311 3436 36,
330 3379 412 3438 quem
427 3362 509 3419 etiam
524 3359 641 3419 Ouidius
655 3362 686 3434 4,
699 3361 755 3420 367
775 3359 893 3418 fortasse
911 3361 1045 3439 sequitur,
1064 3370 1094 3419 et
1105 3361 1222 3419 Festum

123 3470 154 3531 p.
166 3457 222 3511 326
242 3454 316 3514 dext.
335 3453 527 3532 componenda
553 3459 626 3529 est),
652 3453 715 3511 ideo
739 3470 812 3510 anno
832 3451 868 3512 V.
890 3453 924 3512 C.
944 3455 1001 3511 673
1025 3452 1163 3513 theatrum
1190 3465 1220 3514 61

121 3549 295 3626 proscenium
313 3547 350 3606 ad
363 3549 460 3610 aedom
476 3549 609 3630 Apollinis
620 3556 788 3621 extructum,
807 3546 870 3605 Lio.
884 3549 933 3620 40,
945 3547 993 3616 61,
1012 3555 1042 3603 61
1060 3547 1123 3607 iden
1142 3548 1218 3606 mimi

122 3645 244 3718 parasiti
261 3642 402 3722 Apollinis
418 3646 535 3703 instituti
555 3643 702 3715 61666161,
729 3641 779 3719 661
797 3649 1047 3698 commemorantur
1063 3641 1140 3718 apud
1159 3641 1221 3702 Fe-

120 3743 193 3795 stum
212 3736 274 3795 loco
293 3737 419 3818 proxime
441 3739 499 3798 ind.
520 3747 549 3796 et
572 3738 599 3795 16
627 3736 706 3793 titulo
725 3733 869 3793 Orelliano
895 3744 923 3791 n'.
943 3733 1038 3808 2625,
1061 3735 1222 3813 dequibus

120 3845 183 3885 cnm
202 3847 258 3886 non
278 3831 395 3889 multum
416 3833 590 3910 exploratum
609 3846 670 3887 esse
691 3818 817 3903 uideam,
836 3828 943 3886 ascribo
961 3828 1052 3885 locum
1071 3828 1220 3906 Augustini

61 3922 65 3929 '
120 3918 157 3981 de
176 3941 201 3980 c.
214 3922 243 3981 d.
262 3927 292 3998 0,
304 3926 341 3982 ⁷2
360 3924 500 4002 66616666
517 3925 601 3981 sliam
620 3920 685 3981 daos
703 3924 847 4001 parasitos
864 3925 944 3986 locris
961 3921 999 3979 61
1017 3925 1077 3980 sias
1093 3938 1219 3983 16166611

11 4079 14 4083 ,
120 4017 168 4093 661
187 4021 395 4089 oorrslilaeruut,
415 4018 481 4096 6611
498 4016 578 4076 aliud
597 4035 680 4094 quom
699 4019 810 4076 mistico
828 4033 911 4074 saara
928 4032 988 4074 sess
1002 4013 1218 4076 uoluerunt?—

120 4112 198 4173 Haec
216 4112 296 4189 sunt,
323 4112 374 4170 nisi
399 4111 493 4190 fallor,
513 4111 645 4192 Apollinis
663 4103 862 4197 6661661166
876 4109 1045 4177 a-Romanis
1064 4111 1131 4172 olim
1149 4107 1217 4172 culti
