<?xml version="1.0" encoding="UTF-8"?>
<!DOCTYPE html PUBLIC "-//W3C//DTD XHTML 1.0 Transitional//EN"
    "http://www.w3.org/TR/xhtml1/DTD/xhtml1-transitional.dtd">
<html xmlns="http://www.w3.org/1999/xhtml" xml:lang="en" lang="en">
 <head>
  <title>
</title>
<meta http-equiv="Content-Type" content="text/html;charset=utf-8" />
  <meta name='ocr-system' content='tesseract 3.04.00' />
  <meta name='ocr-capabilities' content='ocr_page ocr_carea ocr_par ocr_line ocrx_word'/>
</head>
<body>
  <div class='ocr_page' id='page_1' title='image "./fastorumlibrise01ovidgoog_0275.png"; bbox 0 0 2550 4574; ppageno 0'>
   <div class='ocr_carea' id='block_1_1' title="bbox 109 234 775 317">
    <p class='ocr_par' dir='ltr' id='par_1_1' title="bbox 109 234 775 317">
     <span class='ocr_line' id='line_1_1' title="bbox 109 234 775 317; baseline -0.011 -18"><span class='ocrx_word' id='word_1_1' title='bbox 109 234 257 317; x_wconf 68' lang='lat' dir='ltr'>[ccnmv</span> <span class='ocrx_word' id='word_1_2' title='bbox 511 282 514 287; x_wconf 90' lang='lat'>.</span> <span class='ocrx_word' id='word_1_3' title='bbox 604 243 775 292; x_wconf 79' lang='lat' dir='ltr'>rssroavn</span> 
     </span>
    </p>
   </div>
   <div class='ocr_carea' id='block_1_2' title="bbox 59 393 1261 2249">
    <p class='ocr_par' dir='ltr' id='par_1_2' title="bbox 136 393 1236 515">
     <span class='ocr_line' id='line_1_2' title="bbox 136 393 1236 515; baseline 0.001 -57"><span class='ocrx_word' id='word_1_4' title='bbox 136 403 197 463; x_wconf 76' lang='lat' dir='ltr'>iuss</span> <span class='ocrx_word' id='word_1_5' title='bbox 221 396 329 478; x_wconf 78' lang='lat' dir='ltr'>quidam</span> <span class='ocrx_word' id='word_1_6' title='bbox 352 415 444 458; x_wconf 84' lang='lat' dir='ltr'>caro</span> <span class='ocrx_word' id='word_1_7' title='bbox 470 393 632 456; x_wconf 82' lang='lat' dir='ltr'>occultatus.</span> <span class='ocrx_word' id='word_1_8' title='bbox 669 394 777 456; x_wconf 82' lang='lat' dir='ltr'>Eodem</span> <span class='ocrx_word' id='word_1_9' title='bbox 801 394 862 457; x_wconf 83' lang='lat' dir='ltr'>lere</span> <span class='ocrx_word' id='word_1_10' title='bbox 887 404 1014 476; x_wconf 88' lang='lat' dir='ltr'>tempore</span> <span class='ocrx_word' id='word_1_11' title='bbox 1032 396 1153 459; x_wconf 82' lang='lat' dir='ltr'>insertos</span> <span class='ocrx_word' id='word_1_12' title='bbox 1172 397 1236 515; x_wconf 82' lang='lat' dir='ltr'>lruic</span> 
     </span>
    </p>

    <p class='ocr_par' dir='ltr' id='par_1_3' title="bbox 136 490 1261 756">
     <span class='ocr_line' id='line_1_3' title="bbox 136 490 549 572; baseline -0.026 -15"><span class='ocrx_word' id='word_1_13' title='bbox 136 496 207 557; x_wconf 78' lang='lat' dir='ltr'>ntro</span> <span class='ocrx_word' id='word_1_14' title='bbox 225 501 337 572; x_wconf 86' lang='lat' dir='ltr'>oportet</span> <span class='ocrx_word' id='word_1_15' title='bbox 356 510 402 549; x_wconf 94' lang='lat' dir='ltr'>uu</span> <span class='ocrx_word' id='word_1_16' title='bbox 415 490 473 549; x_wconf 86' lang='grc'>285</span> <span class='ocrx_word' id='word_1_17' title='bbox 488 508 549 567; x_wconf 79' lang='lat' dir='ltr'>sq:</span> 
     </span>
     <span class='ocr_line' id='line_1_4' title="bbox 288 583 1136 667; baseline -0.002 -21"><span class='ocrx_word' id='word_1_18' title='bbox 288 589 356 646; x_wconf 75' lang='lat' dir='ltr'>Pus</span> <span class='ocrx_word' id='word_1_19' title='bbox 374 590 436 643; x_wconf 84' lang='lat' dir='ltr'>erat</span> <span class='ocrx_word' id='word_1_20' title='bbox 453 589 489 653; x_wconf 80' lang='lat' dir='ltr'>ct,</span> <span class='ocrx_word' id='word_1_21' title='bbox 507 584 602 653; x_wconf 71' lang='lat' dir='ltr'>amm,</span> <span class='ocrx_word' id='word_1_22' title='bbox 624 583 794 652; x_wconf 77' lang='lat' dir='ltr'>Gemanica,</span> <span class='ocrx_word' id='word_1_23' title='bbox 814 599 901 643; x_wconf 80' lang='lat' dir='ltr'>cosso</span> <span class='ocrx_word' id='word_1_24' title='bbox 917 585 1061 664; x_wconf 70' lang='lat' dir='ltr'>trisaspil,</span> <span class='ocrx_word' id='word_1_25' title='bbox 1133 663 1136 667; x_wconf 22' lang='grc' dir='ltr'>Ι</span> 
     </span>
     <span class='ocr_line' id='line_1_5' title="bbox 333 673 1261 756; baseline 0 -18"><span class='ocrx_word' id='word_1_26' title='bbox 333 674 501 738; x_wconf 71' lang='lat' dir='ltr'>armenem</span> <span class='ocrx_word' id='word_1_27' title='bbox 519 673 646 748; x_wconf 73' lang='lat' dir='ltr'>famulus</span> <span class='ocrx_word' id='word_1_28' title='bbox 662 676 721 741; x_wconf 81' lang='lat' dir='ltr'>ium</span> <span class='ocrx_word' id='word_1_29' title='bbox 739 674 790 735; x_wconf 79' lang='lat' dir='ltr'>libi</span> <span class='ocrx_word' id='word_1_30' title='bbox 809 676 925 737; x_wconf 72' lang='lat' dir='ltr'>masas</span> <span class='ocrx_word' id='word_1_31' title='bbox 943 698 1044 756; x_wconf 67' lang='lat' dir='ltr'>aqum.</span> <span class='ocrx_word' id='word_1_32' title='bbox 1258 730 1261 737; x_wconf 92' lang='lat'>.</span> 
     </span>
    </p>

    <p class='ocr_par' dir='ltr' id='par_1_4' title="bbox 138 768 1236 1314">
     <span class='ocr_line' id='line_1_6' title="bbox 138 768 1236 850; baseline -0.002 -16"><span class='ocrx_word' id='word_1_33' title='bbox 138 775 192 835; x_wconf 84' lang='lat' dir='ltr'>Hic</span> <span class='ocrx_word' id='word_1_34' title='bbox 208 771 363 850; x_wconf 80' lang='lat' dir='ltr'>triumphus</span> <span class='ocrx_word' id='word_1_35' title='bbox 382 769 480 827; x_wconf 91' lang='lat' dir='ltr'>ductus</span> <span class='ocrx_word' id='word_1_36' title='bbox 498 778 542 828; x_wconf 88' lang='lat' dir='ltr'>est</span> <span class='ocrx_word' id='word_1_37' title='bbox 561 769 613 828; x_wconf 87' lang='lat' dir='ltr'>Vll</span> <span class='ocrx_word' id='word_1_38' title='bbox 631 768 679 826; x_wconf 79' lang='grc' dir='ltr'>ΚΡ</span> <span class='ocrx_word' id='word_1_39' title='bbox 698 770 759 828; x_wconf 90' lang='lat' dir='ltr'>lun.</span> <span class='ocrx_word' id='word_1_40' title='bbox 779 770 845 828; x_wconf 90' lang='lat' dir='ltr'>anni</span> <span class='ocrx_word' id='word_1_41' title='bbox 864 771 899 830; x_wconf 84' lang='lat' dir='ltr'>V.</span> <span class='ocrx_word' id='word_1_42' title='bbox 915 773 950 832; x_wconf 88' lang='lat' dir='ltr'>C.</span> <span class='ocrx_word' id='word_1_43' title='bbox 965 775 1025 830; x_wconf 82' lang='lat'>770</span> <span class='ocrx_word' id='word_1_44' title='bbox 1043 779 1117 833; x_wconf 83' lang='lat' dir='ltr'>teste</span> <span class='ocrx_word' id='word_1_45' title='bbox 1133 773 1236 832; x_wconf 82' lang='lat' dir='ltr'>Tacito</span> 
     </span>
     <span class='ocr_line' id='line_1_7' title="bbox 139 861 1236 944; baseline -0.003 -15"><span class='ocrx_word' id='word_1_46' title='bbox 139 887 205 929; x_wconf 83' lang='lat' dir='ltr'>eun.</span> <span class='ocrx_word' id='word_1_47' title='bbox 224 874 255 944; x_wconf 93' lang='grc'>2,</span> <span class='ocrx_word' id='word_1_48' title='bbox 266 869 320 925; x_wconf 80' lang='grc' dir='ltr'>41ι</span> <span class='ocrx_word' id='word_1_49' title='bbox 338 863 466 922; x_wconf 88' lang='lat' dir='ltr'>decretus</span> <span class='ocrx_word' id='word_1_50' title='bbox 484 869 527 919; x_wconf 89' lang='lat' dir='ltr'>est</span> <span class='ocrx_word' id='word_1_51' title='bbox 545 861 655 920; x_wconf 87' lang='lat' dir='ltr'>biennio</span> <span class='ocrx_word' id='word_1_52' title='bbox 674 871 756 936; x_wconf 86' lang='lat' dir='ltr'>ante,</span> <span class='ocrx_word' id='word_1_53' title='bbox 785 861 824 920; x_wconf 90' lang='lat' dir='ltr'>id.</span> <span class='ocrx_word' id='word_1_54' title='bbox 842 863 882 923; x_wconf 87' lang='lat' dir='ltr'>ib.</span> <span class='ocrx_word' id='word_1_55' title='bbox 903 871 931 939; x_wconf 98' lang='grc'>1,</span> <span class='ocrx_word' id='word_1_56' title='bbox 945 866 1001 940; x_wconf 85' lang='grc'>55;</span> <span class='ocrx_word' id='word_1_57' title='bbox 1020 869 1052 940; x_wconf 91' lang='grc'>2,</span> <span class='ocrx_word' id='word_1_58' title='bbox 1064 867 1119 925; x_wconf 87' lang='grc' dir='ltr'>26ι</span> <span class='ocrx_word' id='word_1_59' title='bbox 1146 873 1236 926; x_wconf 67' lang='lat' dir='ltr'>ulcr</span> 
     </span>
     <span class='ocr_line' id='line_1_8' title="bbox 139 952 1235 1038; baseline -0.001 -19"><span class='ocrx_word' id='word_1_60' title='bbox 139 959 240 1019; x_wconf 88' lang='lat' dir='ltr'>dicitur</span> <span class='ocrx_word' id='word_1_61' title='bbox 258 959 362 1038; x_wconf 92' lang='lat' dir='ltr'>quippe</span> <span class='ocrx_word' id='word_1_62' title='bbox 379 973 424 1013; x_wconf 87' lang='lat' dir='ltr'>res</span> <span class='ocrx_word' id='word_1_63' title='bbox 442 952 525 1012; x_wconf 83' lang='lat' dir='ltr'>ductu</span> <span class='ocrx_word' id='word_1_64' title='bbox 546 955 706 1013; x_wconf 72' lang='lat' dir='ltr'><strong><em>Germanici</em></strong></span> <span class='ocrx_word' id='word_1_65' title='bbox 728 957 862 1031; x_wconf 81' lang='lat' dir='ltr'>auspiciis</span> <span class='ocrx_word' id='word_1_66' title='bbox 876 957 986 1018; x_wconf 73' lang='lat' dir='ltr'>liborii</span> <span class='ocrx_word' id='word_1_67' title='bbox 1002 967 1099 1035; x_wconf 81' lang='lat' dir='ltr'>gestae</span> <span class='ocrx_word' id='word_1_68' title='bbox 1115 960 1235 1038; x_wconf 82' lang='lat' dir='ltr'>peremi·</span> 
     </span>
     <span class='ocr_line' id='line_1_9' title="bbox 140 1046 1235 1130; baseline -0.001 -17"><span class='ocrx_word' id='word_1_69' title='bbox 140 1053 277 1117; x_wconf 85' lang='lat' dir='ltr'>bebantur</span> <span class='ocrx_word' id='word_1_70' title='bbox 299 1052 326 1108; x_wconf 91' lang='lat' dir='ltr'>in</span> <span class='ocrx_word' id='word_1_71' title='bbox 345 1067 410 1107; x_wconf 89' lang='lat' dir='ltr'>arcu</span> <span class='ocrx_word' id='word_1_72' title='bbox 429 1056 546 1126; x_wconf 86' lang='lat' dir='ltr'>propter</span> <span class='ocrx_word' id='word_1_73' title='bbox 569 1046 669 1106; x_wconf 91' lang='lat' dir='ltr'>aedem</span> <span class='ocrx_word' id='word_1_74' title='bbox 688 1047 813 1107; x_wconf 82' lang='lat' dir='ltr'>Saturni.</span> <span class='ocrx_word' id='word_1_75' title='bbox 852 1047 928 1106; x_wconf 87' lang='lat' dir='ltr'>Nihil</span> <span class='ocrx_word' id='word_1_76' title='bbox 954 1050 1068 1110; x_wconf 85' lang='lat' dir='ltr'>interest</span> <span class='ocrx_word' id='word_1_77' title='bbox 1086 1071 1147 1130; x_wconf 89' lang='lat' dir='ltr'>quo</span> <span class='ocrx_word' id='word_1_78' title='bbox 1167 1062 1235 1113; x_wconf 82' lang='lat' dir='ltr'>tem·</span> 
     </span>
     <span class='ocr_line' id='line_1_10' title="bbox 140 1140 1235 1235; baseline 0.002 -33"><span class='ocrx_word' id='word_1_79' title='bbox 140 1163 212 1224; x_wconf 90' lang='lat' dir='ltr'>pore</span> <span class='ocrx_word' id='word_1_80' title='bbox 229 1144 265 1204; x_wconf 91' lang='lat' dir='ltr'>de</span> <span class='ocrx_word' id='word_1_81' title='bbox 283 1162 318 1203; x_wconf 90' lang='lat' dir='ltr'>eo</span> <span class='ocrx_word' id='word_1_82' title='bbox 337 1140 475 1219; x_wconf 87' lang='lat' dir='ltr'>triumpho</span> <span class='ocrx_word' id='word_1_83' title='bbox 494 1142 634 1235; x_wconf 75' lang='lat' dir='ltr'>scripsisse</span> <span class='ocrx_word' id='word_1_84' title='bbox 652 1150 765 1219; x_wconf 88' lang='lat' dir='ltr'>poetam</span> <span class='ocrx_word' id='word_1_85' title='bbox 779 1141 932 1218; x_wconf 81' lang='lat' dir='ltr'>existimes3</span> <span class='ocrx_word' id='word_1_86' title='bbox 952 1141 988 1201; x_wconf 93' lang='lat' dir='ltr'>de</span> <span class='ocrx_word' id='word_1_87' title='bbox 1006 1160 1078 1220; x_wconf 88' lang='lat' dir='ltr'>paee</span> <span class='ocrx_word' id='word_1_88' title='bbox 1095 1145 1144 1204; x_wconf 85' lang='lat' dir='ltr'>illa</span> <span class='ocrx_word' id='word_1_89' title='bbox 1158 1154 1235 1225; x_wconf 87' lang='lat' dir='ltr'>post·</span> 
     </span>
     <span class='ocr_line' id='line_1_11' title="bbox 140 1238 300 1314; baseline -0.014 -17"><span class='ocrx_word' id='word_1_90' title='bbox 140 1238 196 1297; x_wconf 83' lang='lat' dir='ltr'>bec</span> <span class='ocrx_word' id='word_1_91' title='bbox 213 1238 300 1314; x_wconf 84' lang='lat' dir='ltr'>leges.</span> 
     </span>
    </p>

    <p class='ocr_par' dir='ltr' id='par_1_5' title="bbox 59 1278 1240 2249">
     <span class='ocr_line' id='line_1_12' title="bbox 218 1278 1235 1408; baseline 0.002 -20"><span class='ocrx_word' id='word_1_92' title='bbox 218 1331 352 1400; x_wconf 80' lang='lat' dir='ltr'>Quaestio</span> <span class='ocrx_word' id='word_1_93' title='bbox 371 1327 407 1387; x_wconf 93' lang='lat' dir='ltr'>de</span> <span class='ocrx_word' id='word_1_94' title='bbox 426 1327 507 1386; x_wconf 90' lang='lat' dir='ltr'>huius</span> <span class='ocrx_word' id='word_1_95' title='bbox 525 1329 587 1388; x_wconf 88' lang='lat' dir='ltr'>iibri</span> <span class='ocrx_word' id='word_1_96' title='bbox 606 1330 801 1389; x_wconf 79' lang='lat' dir='ltr'>retractatione</span> <span class='ocrx_word' id='word_1_97' title='bbox 816 1348 871 1388; x_wconf 92' lang='lat' dir='ltr'>non</span> <span class='ocrx_word' id='word_1_98' title='bbox 886 1338 980 1408; x_wconf 87' lang='lat' dir='ltr'>potest</span> <span class='ocrx_word' id='word_1_99' title='bbox 997 1278 1149 1390; x_wconf 77' lang='lat' dir='ltr'>subsistere</span> <span class='ocrx_word' id='word_1_100' title='bbox 1165 1329 1235 1390; x_wconf 81' lang='lat' dir='ltr'>iufra</span> 
     </span>
     <span class='ocr_line' id='line_1_13' title="bbox 141 1422 1235 1502; baseline 0 -19"><span class='ocrx_word' id='word_1_101' title='bbox 141 1440 244 1485; x_wconf 86' lang='lat' dir='ltr'>annum</span> <span class='ocrx_word' id='word_1_102' title='bbox 262 1427 328 1483; x_wconf 85' lang='grc'>768.</span> <span class='ocrx_word' id='word_1_103' title='bbox 365 1423 440 1481; x_wconf 90' lang='lat' dir='ltr'>Data</span> <span class='ocrx_word' id='word_1_104' title='bbox 458 1430 500 1479; x_wconf 86' lang='lat' dir='ltr'>est</span> <span class='ocrx_word' id='word_1_105' title='bbox 519 1441 606 1500; x_wconf 88' lang='lat' dir='ltr'>opera</span> <span class='ocrx_word' id='word_1_106' title='bbox 624 1443 641 1481; x_wconf 94' lang='lat' dir='ltr'>a</span> <span class='ocrx_word' id='word_1_107' title='bbox 660 1433 743 1502; x_wconf 90' lang='lat' dir='ltr'>poeta</span> <span class='ocrx_word' id='word_1_108' title='bbox 748 1462 758 1494; x_wconf 85' lang='lat'>,</span> <span class='ocrx_word' id='word_1_109' title='bbox 778 1441 814 1481; x_wconf 88' lang='lat' dir='ltr'>ue</span> <span class='ocrx_word' id='word_1_110' title='bbox 839 1422 906 1500; x_wconf 92' lang='lat' dir='ltr'>quid</span> <span class='ocrx_word' id='word_1_111' title='bbox 925 1423 988 1482; x_wconf 81' lang='lat' dir='ltr'>lsuic</span> <span class='ocrx_word' id='word_1_112' title='bbox 1006 1425 1142 1502; x_wconf 80' lang='lat' dir='ltr'>tempori,</span> <span class='ocrx_word' id='word_1_113' title='bbox 1167 1443 1235 1502; x_wconf 81' lang='lat' dir='ltr'>quos</span> 
     </span>
     <span class='ocr_line' id='line_1_14' title="bbox 141 1515 1235 1595; baseline -0.001 -17"><span class='ocrx_word' id='word_1_114' title='bbox 141 1536 209 1578; x_wconf 79' lang='lat' dir='ltr'>euos</span> <span class='ocrx_word' id='word_1_115' title='bbox 227 1536 316 1577; x_wconf 78' lang='lat' dir='ltr'>aanor</span> <span class='ocrx_word' id='word_1_116' title='bbox 333 1515 455 1595; x_wconf 88' lang='lat' dir='ltr'>appellat</span> <span class='ocrx_word' id='word_1_117' title='bbox 475 1534 502 1573; x_wconf 91' lang='lat' dir='ltr'>u.</span> <span class='ocrx_word' id='word_1_118' title='bbox 517 1515 585 1591; x_wconf 86' lang='grc'>537,</span> <span class='ocrx_word' id='word_1_119' title='bbox 604 1536 660 1575; x_wconf 90' lang='lat' dir='ltr'>non</span> <span class='ocrx_word' id='word_1_120' title='bbox 685 1517 856 1574; x_wconf 76' lang='lat' dir='ltr'>conueniret.</span> <span class='ocrx_word' id='word_1_121' title='bbox 893 1517 993 1594; x_wconf 87' lang='lat' dir='ltr'>ltaque</span> <span class='ocrx_word' id='word_1_122' title='bbox 1017 1518 1095 1575; x_wconf 72' lang='lat' dir='ltr'>ncilla</span> <span class='ocrx_word' id='word_1_123' title='bbox 1116 1529 1162 1576; x_wconf 87' lang='lat' dir='ltr'>est</span> <span class='ocrx_word' id='word_1_124' title='bbox 1180 1520 1235 1577; x_wconf 82' lang='lat' dir='ltr'>Au·</span> 
     </span>
     <span class='ocr_line' id='line_1_15' title="bbox 144 1610 1237 1690; baseline -0.001 -19"><span class='ocrx_word' id='word_1_125' title='bbox 144 1612 217 1690; x_wconf 84' lang='lat' dir='ltr'>gusti</span> <span class='ocrx_word' id='word_1_126' title='bbox 241 1613 359 1668; x_wconf 86' lang='lat' dir='ltr'>uiuentis</span> <span class='ocrx_word' id='word_1_127' title='bbox 388 1627 479 1687; x_wconf 89' lang='lat' dir='ltr'>neque</span> <span class='ocrx_word' id='word_1_128' title='bbox 506 1610 617 1667; x_wconf 91' lang='lat' dir='ltr'>omniuo</span> <span class='ocrx_word' id='word_1_129' title='bbox 643 1611 699 1667; x_wconf 92' lang='lat' dir='ltr'>ulla</span> <span class='ocrx_word' id='word_1_130' title='bbox 727 1610 779 1667; x_wconf 89' lang='lat' dir='ltr'>nisi</span> <span class='ocrx_word' id='word_1_131' title='bbox 804 1611 958 1667; x_wconf 86' lang='lat' dir='ltr'>necessaria</span> <span class='ocrx_word' id='word_1_132' title='bbox 983 1620 1013 1670; x_wconf 89' lang='lat' dir='ltr'>et</span> <span class='ocrx_word' id='word_1_133' title='bbox 1037 1610 1237 1688; x_wconf 73' lang='lat' dir='ltr'>infrequentior</span> 
     </span>
     <span class='ocr_line' id='line_1_16' title="bbox 59 1699 1236 1783; baseline 0 -21"><span class='ocrx_word' id='word_1_134' title='bbox 59 1726 75 1745; x_wconf 93' lang='lat'><strong>·</strong></span> <span class='ocrx_word' id='word_1_135' title='bbox 144 1722 229 1783; x_wconf 84' lang='lat' dir='ltr'>qnam</span> <span class='ocrx_word' id='word_1_136' title='bbox 244 1704 349 1761; x_wconf 86' lang='lat' dir='ltr'>Tiberii</span> <span class='ocrx_word' id='word_1_137' title='bbox 362 1702 475 1760; x_wconf 87' lang='lat' dir='ltr'>mentio.</span> <span class='ocrx_word' id='word_1_138' title='bbox 505 1699 561 1758; x_wconf 88' lang='lat' dir='ltr'>Vn.</span> <span class='ocrx_word' id='word_1_139' title='bbox 575 1702 643 1777; x_wconf 93' lang='grc'>529,</span> <span class='ocrx_word' id='word_1_140' title='bbox 657 1705 715 1761; x_wconf 91' lang='grc'>530</span> <span class='ocrx_word' id='word_1_141' title='bbox 734 1703 874 1779; x_wconf 80' lang='lat' dir='ltr'>Augustus</span> <span class='ocrx_word' id='word_1_142' title='bbox 891 1712 931 1760; x_wconf 89' lang='lat' dir='ltr'>est</span> <span class='ocrx_word' id='word_1_143' title='bbox 945 1702 1151 1781; x_wconf 84' lang='lat' dir='ltr'>intelligendus,</span> <span class='ocrx_word' id='word_1_144' title='bbox 1169 1723 1236 1781; x_wconf 85' lang='lat' dir='ltr'>use,</span> 
     </span>
     <span class='ocr_line' id='line_1_17' title="bbox 143 1792 1236 1875; baseline 0.001 -19"><span class='ocrx_word' id='word_1_145' title='bbox 143 1806 177 1856; x_wconf 86' lang='lat' dir='ltr'>ut</span> <span class='ocrx_word' id='word_1_146' title='bbox 195 1796 304 1854; x_wconf 84' lang='lat' dir='ltr'>memini</span> <span class='ocrx_word' id='word_1_147' title='bbox 321 1795 393 1853; x_wconf 89' lang='lat' dir='ltr'>uelle</span> <span class='ocrx_word' id='word_1_148' title='bbox 412 1792 562 1873; x_wconf 86' lang='lat' dir='ltr'>quosdam,</span> <span class='ocrx_word' id='word_1_149' title='bbox 581 1794 615 1854; x_wconf 90' lang='lat' dir='ltr'>C.</span> <span class='ocrx_word' id='word_1_150' title='bbox 636 1795 740 1853; x_wconf 86' lang='lat' dir='ltr'>Caesar</span> <span class='ocrx_word' id='word_1_151' title='bbox 759 1795 835 1867; x_wconf 78' lang='lat' dir='ltr'>dict,</span> <span class='ocrx_word' id='word_1_152' title='bbox 854 1795 904 1856; x_wconf 83' lang='lat' dir='ltr'>sed</span> <span class='ocrx_word' id='word_1_153' title='bbox 923 1797 1040 1874; x_wconf 83' lang='lat' dir='ltr'>proximi</span> <span class='ocrx_word' id='word_1_154' title='bbox 1058 1808 1183 1875; x_wconf 82' lang='lat' dir='ltr'>quatuor</span> <span class='ocrx_word' id='word_1_155' title='bbox 1200 1797 1236 1857; x_wconf 88' lang='lat' dir='ltr'>ds</span> 
     </span>
     <span class='ocr_line' id='line_1_18' title="bbox 145 1885 1237 1969; baseline 0.003 -22"><span class='ocrx_word' id='word_1_156' title='bbox 145 1889 261 1953; x_wconf 82' lang='lat' dir='ltr'>Tiberio</span> <span class='ocrx_word' id='word_1_157' title='bbox 270 1893 365 1966; x_wconf 90' lang='lat' dir='ltr'>,qu¹a</span> <span class='ocrx_word' id='word_1_158' title='bbox 385 1887 447 1954; x_wconf 78' lang='lat' dir='ltr'>iuda</span> <span class='ocrx_word' id='word_1_159' title='bbox 463 1885 600 1965; x_wconf 87' lang='lat' dir='ltr'>particula</span> <span class='ocrx_word' id='word_1_160' title='bbox 618 1906 675 1945; x_wconf 88' lang='lat' dir='ltr'>uon</span> <span class='ocrx_word' id='word_1_161' title='bbox 694 1891 827 1967; x_wconf 86' lang='lat' dir='ltr'>temporis</span> <span class='ocrx_word' id='word_1_162' title='bbox 844 1890 1061 1964; x_wconf 82' lang='lat' dir='ltr'>successionem,</span> <span class='ocrx_word' id='word_1_163' title='bbox 1079 1889 1132 1949; x_wconf 83' lang='lat' dir='ltr'>sed</span> <span class='ocrx_word' id='word_1_164' title='bbox 1151 1892 1237 1969; x_wconf 73' lang='lat' dir='ltr'>origi·</span> 
     </span>
     <span class='ocr_line' id='line_1_19' title="bbox 143 1977 1239 2058; baseline 0.003 -16"><span class='ocrx_word' id='word_1_165' title='bbox 143 2001 208 2042; x_wconf 87' lang='lat' dir='ltr'>nem</span> <span class='ocrx_word' id='word_1_166' title='bbox 228 2001 263 2040; x_wconf 88' lang='lat' dir='ltr'>ex</span> <span class='ocrx_word' id='word_1_167' title='bbox 283 1982 365 2041; x_wconf 89' lang='lat' dir='ltr'>domo</span> <span class='ocrx_word' id='word_1_168' title='bbox 383 1982 509 2058; x_wconf 84' lang='lat' dir='ltr'>Augusta</span> <span class='ocrx_word' id='word_1_169' title='bbox 526 1977 644 2055; x_wconf 89' lang='lat' dir='ltr'>indicat,</span> <span class='ocrx_word' id='word_1_170' title='bbox 671 1990 702 2039; x_wconf 89' lang='lat' dir='ltr'>ut</span> <span class='ocrx_word' id='word_1_171' title='bbox 726 1982 786 2043; x_wconf 88' lang='lat' dir='ltr'>ber.</span> <span class='ocrx_word' id='word_1_172' title='bbox 806 1988 835 2053; x_wconf 88' lang='grc'>2,</span> <span class='ocrx_word' id='word_1_173' title='bbox 849 1983 897 2053; x_wconf 98' lang='grc'>54,</span> <span class='ocrx_word' id='word_1_174' title='bbox 918 1991 986 2041; x_wconf 88' lang='lat' dir='ltr'>met.</span> <span class='ocrx_word' id='word_1_175' title='bbox 1006 1987 1034 2056; x_wconf 93' lang='lat'>1,</span> <span class='ocrx_word' id='word_1_176' title='bbox 1046 1984 1105 2041; x_wconf 88' lang='grc'>626</span> <span class='ocrx_word' id='word_1_177' title='bbox 1122 1993 1156 2042; x_wconf 83' lang='lat' dir='ltr'>et</span> <span class='ocrx_word' id='word_1_178' title='bbox 1173 2002 1239 2045; x_wconf 83' lang='lat' dir='ltr'>ceu·</span> 
     </span>
     <span class='ocr_line' id='line_1_20' title="bbox 145 2073 1239 2156; baseline 0 -21"><span class='ocrx_word' id='word_1_179' title='bbox 145 2078 196 2135; x_wconf 86' lang='lat' dir='ltr'>ties</span> <span class='ocrx_word' id='word_1_180' title='bbox 216 2076 260 2135; x_wconf 88' lang='lat' dir='ltr'>fit.</span> <span class='ocrx_word' id='word_1_181' title='bbox 278 2076 314 2135; x_wconf 84' lang='lat' dir='ltr'>V.</span> <span class='ocrx_word' id='word_1_182' title='bbox 328 2076 386 2133; x_wconf 88' lang='grc'>599</span> <span class='ocrx_word' id='word_1_183' title='bbox 406 2073 540 2132; x_wconf 87' lang='lat' dir='ltr'>creditum</span> <span class='ocrx_word' id='word_1_184' title='bbox 558 2084 601 2132; x_wconf 91' lang='lat' dir='ltr'>est</span> <span class='ocrx_word' id='word_1_185' title='bbox 621 2075 771 2151; x_wconf 81' lang='lat' dir='ltr'>Augustum</span> <span class='ocrx_word' id='word_1_186' title='bbox 791 2077 887 2134; x_wconf 88' lang='lat' dir='ltr'>uiuum</span> <span class='ocrx_word' id='word_1_187' title='bbox 905 2075 1043 2152; x_wconf 86' lang='lat' dir='ltr'>designari</span> <span class='ocrx_word' id='word_1_188' title='bbox 1061 2077 1134 2133; x_wconf 80' lang='lat' dir='ltr'>ab</span> <span class='ocrx_word' id='word_1_189' title='bbox 1114 2096 1167 2152; x_wconf 89' lang='lat' dir='ltr'>us,</span> <span class='ocrx_word' id='word_1_190' title='bbox 1192 2079 1239 2156; x_wconf 87' lang='lat' dir='ltr'>qui</span> 
     </span>
     <span class='ocr_line' id='line_1_21' title="bbox 144 2167 1240 2249; baseline 0.002 -21"><span class='ocrx_word' id='word_1_191' title='bbox 144 2170 306 2248; x_wconf 73' lang='lat' dir='ltr'>iguormnt</span> <span class='ocrx_word' id='word_1_192' title='bbox 328 2186 527 2247; x_wconf 82' lang='lat' dir='ltr'>saepenumero</span> <span class='ocrx_word' id='word_1_193' title='bbox 550 2167 626 2245; x_wconf 88' lang='lat' dir='ltr'>apud</span> <span class='ocrx_word' id='word_1_194' title='bbox 652 2179 750 2246; x_wconf 87' lang='lat' dir='ltr'>poetas</span> <span class='ocrx_word' id='word_1_195' title='bbox 771 2187 806 2228; x_wconf 90' lang='lat' dir='ltr'>eo</span> <span class='ocrx_word' id='word_1_196' title='bbox 831 2168 914 2226; x_wconf 91' lang='lat' dir='ltr'>modo</span> <span class='ocrx_word' id='word_1_197' title='bbox 932 2169 1137 2228; x_wconf 86' lang='lat' dir='ltr'>coniunctiuum</span> <span class='ocrx_word' id='word_1_198' title='bbox 1156 2189 1240 2249; x_wconf 85' lang='lat' dir='ltr'>pree·</span> 
     </span>
    </p>
   </div>
   <div class='ocr_carea' id='block_1_3' title="bbox 146 2260 1239 2343">
    <p class='ocr_par' dir='ltr' id='par_1_6' title="bbox 146 2260 1239 2343">
     <span class='ocr_line' id='line_1_22' title="bbox 146 2260 1239 2343; baseline 0.002 -21"><span class='ocrx_word' id='word_1_199' title='bbox 146 2265 231 2322; x_wconf 88' lang='lat' dir='ltr'>sentis</span> <span class='ocrx_word' id='word_1_200' title='bbox 250 2265 381 2340; x_wconf 84' lang='lat' dir='ltr'>temporis</span> <span class='ocrx_word' id='word_1_201' title='bbox 400 2262 511 2321; x_wconf 87' lang='lat' dir='ltr'>modum</span> <span class='ocrx_word' id='word_1_202' title='bbox 526 2279 579 2338; x_wconf 92' lang='lat' dir='ltr'>pro</span> <span class='ocrx_word' id='word_1_203' title='bbox 595 2260 756 2337; x_wconf 85' lang='lat' dir='ltr'>imperfecto</span> <span class='ocrx_word' id='word_1_204' title='bbox 775 2268 824 2319; x_wconf 86' lang='lat' dir='ltr'>aut</span> <span class='ocrx_word' id='word_1_205' title='bbox 841 2261 903 2338; x_wconf 93' lang='lat' dir='ltr'>plus</span> <span class='ocrx_word' id='word_1_206' title='bbox 915 2279 998 2340; x_wconf 89' lang='lat' dir='ltr'>quam</span> <span class='ocrx_word' id='word_1_207' title='bbox 1018 2263 1144 2341; x_wconf 86' lang='lat' dir='ltr'>perfecto</span> <span class='ocrx_word' id='word_1_208' title='bbox 1163 2266 1239 2343; x_wconf 85' lang='lat' dir='ltr'>poni.</span> 
     </span>
    </p>
   </div>
   <div class='ocr_carea' id='block_1_4' title="bbox 116 2353 1243 2805">
    <p class='ocr_par' dir='ltr' id='par_1_7' title="bbox 116 2353 1243 2805">
     <span class='ocr_line' id='line_1_23' title="bbox 145 2353 1239 2433; baseline 0.003 -21"><span class='ocrx_word' id='word_1_209' title='bbox 145 2358 214 2415; x_wconf 91' lang='lat' dir='ltr'>Her.</span> <span class='ocrx_word' id='word_1_210' title='bbox 230 2358 259 2430; x_wconf 89' lang='grc'>9,</span> <span class='ocrx_word' id='word_1_211' title='bbox 272 2359 319 2424; x_wconf 91' lang='grc'>69,</span> <span class='ocrx_word' id='word_1_212' title='bbox 333 2360 369 2414; x_wconf 86' lang='grc'><strong>71</strong></span> <span class='ocrx_word' id='word_1_213' title='bbox 391 2357 592 2432; x_wconf 87' lang='lat' dir='ltr'>coniunguntur</span> <span class='ocrx_word' id='word_1_214' title='bbox 609 2356 644 2413; x_wconf 80' lang='lat' dir='ltr'>st</span> <span class='ocrx_word' id='word_1_215' title='bbox 661 2354 791 2430; x_wconf 72' lang='lat' dir='ltr'>amasa,</span> <span class='ocrx_word' id='word_1_216' title='bbox 809 2353 955 2427; x_wconf 69' lang='lat' dir='ltr'>barabas,</span> <span class='ocrx_word' id='word_1_217' title='bbox 978 2357 1015 2415; x_wconf 85' lang='lat' dir='ltr'>ib.</span> <span class='ocrx_word' id='word_1_218' title='bbox 1037 2358 1239 2433; x_wconf 88' lang='grc'><strong>12,119,121</strong></span> 
     </span>
     <span class='ocr_line' id='line_1_24' title="bbox 144 2447 1240 2525; baseline 0.004 -20"><span class='ocrx_word' id='word_1_219' title='bbox 144 2447 289 2506; x_wconf 80' lang='lat' dir='ltr'>subeamus</span> <span class='ocrx_word' id='word_1_220' title='bbox 303 2448 488 2523; x_wconf 62' lang='lat' dir='ltr'>retrusissent,</span> <span class='ocrx_word' id='word_1_221' title='bbox 507 2447 573 2506; x_wconf 84' lang='lat' dir='ltr'>last.</span> <span class='ocrx_word' id='word_1_222' title='bbox 584 2452 614 2522; x_wconf 88' lang='lat'>6,</span> <span class='ocrx_word' id='word_1_223' title='bbox 623 2449 692 2522; x_wconf 87' lang='grc'>365,</span> <span class='ocrx_word' id='word_1_224' title='bbox 702 2451 767 2522; x_wconf 86' lang='grc'>366,</span> <span class='ocrx_word' id='word_1_225' title='bbox 785 2448 917 2525; x_wconf 85' lang='lat' dir='ltr'>Propert.</span> <span class='ocrx_word' id='word_1_226' title='bbox 931 2453 962 2524; x_wconf 83' lang='grc'>3,</span> <span class='ocrx_word' id='word_1_227' title='bbox 972 2453 1019 2523; x_wconf 88' lang='grc'>10,</span> <span class='ocrx_word' id='word_1_228' title='bbox 1029 2450 1059 2524; x_wconf 91' lang='grc'>5,</span> <span class='ocrx_word' id='word_1_229' title='bbox 1069 2452 1097 2506; x_wconf 87' lang='grc'>6.</span> <span class='ocrx_word' id='word_1_230' title='bbox 1133 2450 1172 2510; x_wconf 81' lang='lat' dir='ltr'>V.</span> <span class='ocrx_word' id='word_1_231' title='bbox 1185 2453 1240 2509; x_wconf 84' lang='grc'>613</span> 
     </span>
     <span class='ocr_line' id='line_1_25' title="bbox 145 2541 1243 2622; baseline 0.007 -25"><span class='ocrx_word' id='word_1_232' title='bbox 145 2541 211 2598; x_wconf 86' lang='lat' dir='ltr'>nihil</span> <span class='ocrx_word' id='word_1_233' title='bbox 229 2541 313 2597; x_wconf 84' lang='lat' dir='ltr'>habet</span> <span class='ocrx_word' id='word_1_234' title='bbox 332 2541 498 2609; x_wconf 86' lang='lat' dir='ltr'>offensionis,</span> <span class='ocrx_word' id='word_1_235' title='bbox 516 2542 540 2597; x_wconf 92' lang='lat' dir='ltr'>si</span> <span class='ocrx_word' id='word_1_236' title='bbox 559 2541 724 2616; x_wconf 88' lang='lat' dir='ltr'>memineris,</span> <span class='ocrx_word' id='word_1_237' title='bbox 743 2551 773 2600; x_wconf 90' lang='lat' dir='ltr'>ut</span> <span class='ocrx_word' id='word_1_238' title='bbox 791 2560 876 2619; x_wconf 86' lang='lat' dir='ltr'>supra</span> <span class='ocrx_word' id='word_1_239' title='bbox 894 2541 988 2618; x_wconf 89' lang='lat' dir='ltr'>docui,</span> <span class='ocrx_word' id='word_1_240' title='bbox 1009 2544 1036 2599; x_wconf 89' lang='lat' dir='ltr'>T</span> <span class='ocrx_word' id='word_1_241' title='bbox 1038 2543 1155 2601; x_wconf 81' lang='lat' dir='ltr'>iberiam</span> <span class='ocrx_word' id='word_1_242' title='bbox 1172 2563 1243 2622; x_wconf 83' lang='lat' dir='ltr'>quo·</span> 
     </span>
     <span class='ocr_line' id='line_1_26' title="bbox 146 2632 1243 2712; baseline 0.008 -22"><span class='ocrx_word' id='word_1_243' title='bbox 146 2652 201 2712; x_wconf 88' lang='lat' dir='ltr'>que</span> <span class='ocrx_word' id='word_1_244' title='bbox 219 2634 372 2708; x_wconf 85' lang='lat' dir='ltr'>Augustum</span> <span class='ocrx_word' id='word_1_245' title='bbox 393 2634 467 2692; x_wconf 89' lang='lat' dir='ltr'>haud</span> <span class='ocrx_word' id='word_1_246' title='bbox 490 2652 554 2690; x_wconf 87' lang='lat' dir='ltr'>raro</span> <span class='ocrx_word' id='word_1_247' title='bbox 577 2632 680 2691; x_wconf 92' lang='lat' dir='ltr'>dictum</span> <span class='ocrx_word' id='word_1_248' title='bbox 704 2635 798 2693; x_wconf 81' lang='lat' dir='ltr'>fuisse.</span> <span class='ocrx_word' id='word_1_249' title='bbox 838 2635 986 2692; x_wconf 80' lang='lat' dir='ltr'>Caeterum</span> <span class='ocrx_word' id='word_1_250' title='bbox 1006 2635 1170 2696; x_wconf 80' lang='lat' dir='ltr'>incredibile</span> <span class='ocrx_word' id='word_1_251' title='bbox 1186 2656 1243 2699; x_wconf 82' lang='lat' dir='ltr'>nou</span> 
     </span>
     <span class='ocr_line' id='line_1_27' title="bbox 116 2726 1242 2805; baseline 0.006 -21"><span class='ocrx_word' id='word_1_252' title='bbox 116 2792 123 2805; x_wconf 33' lang='grc' dir='ltr'><strong><em>ο</em></strong></span> <span class='ocrx_word' id='word_1_253' title='bbox 146 2736 189 2785; x_wconf 84' lang='lat' dir='ltr'>est</span> <span class='ocrx_word' id='word_1_254' title='bbox 208 2728 372 2788; x_wconf 85' lang='lat' dir='ltr'>tralaticium</span> <span class='ocrx_word' id='word_1_255' title='bbox 391 2729 444 2784; x_wconf 90' lang='lat' dir='ltr'>iam</span> <span class='ocrx_word' id='word_1_256' title='bbox 464 2738 529 2784; x_wconf 90' lang='lat' dir='ltr'>tunc</span> <span class='ocrx_word' id='word_1_257' title='bbox 553 2726 628 2804; x_wconf 89' lang='lat' dir='ltr'>apud</span> <span class='ocrx_word' id='word_1_258' title='bbox 651 2728 781 2784; x_wconf 89' lang='lat' dir='ltr'>seruilem</span> <span class='ocrx_word' id='word_1_259' title='bbox 804 2728 912 2786; x_wconf 87' lang='lat' dir='ltr'>turbam</span> <span class='ocrx_word' id='word_1_260' title='bbox 933 2727 1003 2786; x_wconf 90' lang='lat' dir='ltr'>illud</span> <span class='ocrx_word' id='word_1_261' title='bbox 1021 2739 1115 2788; x_wconf 88' lang='lat' dir='ltr'>uotum</span> <span class='ocrx_word' id='word_1_262' title='bbox 1136 2730 1242 2791; x_wconf 74' lang='lat' dir='ltr'>lacman</span> 
     </span>
    </p>
   </div>
   <div class='ocr_carea' id='block_1_5' title="bbox 32 2819 1243 2897">
    <p class='ocr_par' dir='ltr' id='par_1_8' title="bbox 32 2819 1243 2897">
     <span class='ocr_line' id='line_1_28' title="bbox 32 2819 1243 2897; baseline 0.012 -25"><span class='ocrx_word' id='word_1_263' title='bbox 32 2844 36 2855; x_wconf 80' lang='lat'>=</span> <span class='ocrx_word' id='word_1_264' title='bbox 145 2839 216 2896; x_wconf 84' lang='lat' dir='ltr'>esse,</span> <span class='ocrx_word' id='word_1_265' title='bbox 234 2820 270 2878; x_wconf 91' lang='lat' dir='ltr'>de</span> <span class='ocrx_word' id='word_1_266' title='bbox 288 2838 345 2897; x_wconf 86' lang='lat' dir='ltr'>quo</span> <span class='ocrx_word' id='word_1_267' title='bbox 362 2820 530 2877; x_wconf 89' lang='lat' dir='ltr'>Tertulliani</span> <span class='ocrx_word' id='word_1_268' title='bbox 549 2819 614 2877; x_wconf 93' lang='lat' dir='ltr'>adu.</span> <span class='ocrx_word' id='word_1_269' title='bbox 630 2830 706 2896; x_wconf 81' lang='lat' dir='ltr'>gant.</span> <span class='ocrx_word' id='word_1_270' title='bbox 726 2838 750 2879; x_wconf 83' lang='lat' dir='ltr'>c.</span> <span class='ocrx_word' id='word_1_271' title='bbox 767 2820 804 2877; x_wconf 88' lang='grc'>35</span> <span class='ocrx_word' id='word_1_272' title='bbox 823 2831 889 2879; x_wconf 91' lang='lat' dir='ltr'>suut</span> <span class='ocrx_word' id='word_1_273' title='bbox 908 2822 1011 2880; x_wconf 80' lang='lat' dir='ltr'>uerbae</span> <span class='ocrx_word' id='word_1_274' title='bbox 1032 2853 1068 2867; x_wconf 92' lang='lat'>·-</span> <span class='ocrx_word' id='word_1_275' title='bbox 1088 2825 1177 2885; x_wconf 74' lang='lat' dir='ltr'>cilum</span> <span class='ocrx_word' id='word_1_276' title='bbox 1190 2824 1243 2885; x_wconf 81' lang='lat' dir='ltr'>tila</span> 
     </span>
    </p>
   </div>
   <div class='ocr_carea' id='block_1_6' title="bbox 126 2913 1251 4204">
    <p class='ocr_par' dir='ltr' id='par_1_9' title="bbox 126 2913 1251 4204">
     <span class='ocr_line' id='line_1_29' title="bbox 144 2913 1243 2993; baseline -0.001 -19"><span class='ocrx_word' id='word_1_277' title='bbox 144 2914 228 2990; x_wconf 77' lang='lat' dir='ltr'>tora,</span> <span class='ocrx_word' id='word_1_278' title='bbox 248 2931 303 2991; x_wconf 81' lang='lat' dir='ltr'>qua</span> <span class='ocrx_word' id='word_1_279' title='bbox 322 2913 496 2974; x_wconf 77' lang='lat' dir='ltr'>acclamant:</span> <span class='ocrx_word' id='word_1_280' title='bbox 523 2917 567 2972; x_wconf 87' lang='lat' dir='ltr'>Dc</span> <span class='ocrx_word' id='word_1_281' title='bbox 584 2916 688 2975; x_wconf 68' lang='lat' dir='ltr'>nornis</span> <span class='ocrx_word' id='word_1_282' title='bbox 706 2915 791 2972; x_wconf 78' lang='grc' dir='ltr'><strong>ιιιιιιίι</strong></span> <span class='ocrx_word' id='word_1_283' title='bbox 810 2913 979 2989; x_wconf 71' lang='lat' dir='ltr'>capomatii</span> <span class='ocrx_word' id='word_1_284' title='bbox 996 2917 1123 2993; x_wconf 83' lang='lat' dir='ltr'>luppiter</span> <span class='ocrx_word' id='word_1_285' title='bbox 1142 2935 1243 2979; x_wconf 78' lang='grc' dir='ltr'><strong>ιιιιιιω.</strong></span> 
     </span>
     <span class='ocr_line' id='line_1_30' title="bbox 144 3004 1244 3088; baseline 0.002 -21"><span class='ocrx_word' id='word_1_286' title='bbox 144 3012 222 3068; x_wconf 79' lang='lat' dir='ltr'>Haec</span> <span class='ocrx_word' id='word_1_287' title='bbox 235 3007 401 3067; x_wconf 60' lang='lat' dir='ltr'>aluminosa</span> <span class='ocrx_word' id='word_1_288' title='bbox 420 3015 479 3066; x_wconf 77' lang='lat' dir='ltr'>tusa</span> <span class='ocrx_word' id='word_1_289' title='bbox 493 3008 636 3065; x_wconf 76' lang='lat' dir='ltr'>capaciore</span> <span class='ocrx_word' id='word_1_290' title='bbox 647 3010 734 3076; x_wconf 71' lang='lat' dir='ltr'>omitt,</span> <span class='ocrx_word' id='word_1_291' title='bbox 755 3023 838 3082; x_wconf 79' lang='lat' dir='ltr'>quom</span> <span class='ocrx_word' id='word_1_292' title='bbox 856 3004 889 3063; x_wconf 87' lang='lat' dir='ltr'>de</span> <span class='ocrx_word' id='word_1_293' title='bbox 906 3025 979 3068; x_wconf 82' lang='lat' dir='ltr'>nouo</span> <span class='ocrx_word' id='word_1_294' title='bbox 994 3009 1120 3068; x_wconf 72' lang='lat' dir='ltr'>dumam</span> <span class='ocrx_word' id='word_1_295' title='bbox 1133 3017 1244 3088; x_wconf 76' lang='lat' dir='ltr'>oplsss.</span> 
     </span>
     <span class='ocr_line' id='line_1_31' title="bbox 138 3096 1245 3178; baseline 0.005 -19"><span class='ocrx_word' id='word_1_296' title='bbox 138 3101 266 3171; x_wconf 68' lang='lat' dir='ltr'>⁴Praeiuit</span> <span class='ocrx_word' id='word_1_297' title='bbox 291 3098 497 3178; x_wconf 85' lang='lat' dir='ltr'>quodammodo</span> <span class='ocrx_word' id='word_1_298' title='bbox 518 3100 602 3157; x_wconf 88' lang='lat' dir='ltr'>uerba</span> <span class='ocrx_word' id='word_1_299' title='bbox 622 3099 777 3177; x_wconf 85' lang='lat' dir='ltr'>posteritati</span> <span class='ocrx_word' id='word_1_300' title='bbox 797 3096 932 3175; x_wconf 90' lang='lat' dir='ltr'>Ouidius,</span> <span class='ocrx_word' id='word_1_301' title='bbox 956 3119 1009 3158; x_wconf 87' lang='lat' dir='ltr'>uec</span> <span class='ocrx_word' id='word_1_302' title='bbox 1029 3100 1065 3159; x_wconf 86' lang='lat' dir='ltr'>sd</span> <span class='ocrx_word' id='word_1_303' title='bbox 1083 3103 1176 3162; x_wconf 88' lang='lat' dir='ltr'>solum</span> <span class='ocrx_word' id='word_1_304' title='bbox 1192 3105 1245 3164; x_wconf 86' lang='lat' dir='ltr'>Ti·</span> 
     </span>
     <span class='ocr_line' id='line_1_32' title="bbox 146 3191 1245 3273; baseline 0.005 -21"><span class='ocrx_word' id='word_1_305' title='bbox 146 3196 252 3252; x_wconf 92' lang='lat' dir='ltr'>berium</span> <span class='ocrx_word' id='word_1_306' title='bbox 270 3213 302 3252; x_wconf 88' lang='lat' dir='ltr'>se</span> <span class='ocrx_word' id='word_1_307' title='bbox 320 3193 474 3268; x_wconf 88' lang='lat' dir='ltr'>conuertit,</span> <span class='ocrx_word' id='word_1_308' title='bbox 502 3191 551 3250; x_wconf 87' lang='lat' dir='ltr'>sed</span> <span class='ocrx_word' id='word_1_309' title='bbox 571 3191 607 3249; x_wconf 88' lang='lat' dir='ltr'>ad</span> <span class='ocrx_word' id='word_1_310' title='bbox 627 3210 755 3267; x_wconf 88' lang='lat' dir='ltr'>ornnem,</span> <span class='ocrx_word' id='word_1_311' title='bbox 781 3209 854 3270; x_wconf 90' lang='lat' dir='ltr'>quae</span> <span class='ocrx_word' id='word_1_312' title='bbox 879 3195 985 3271; x_wconf 87' lang='lat' dir='ltr'>sperari</span> <span class='ocrx_word' id='word_1_313' title='bbox 1005 3204 1115 3273; x_wconf 85' lang='lat' dir='ltr'>poterat</span> <span class='ocrx_word' id='word_1_314' title='bbox 1132 3193 1245 3270; x_wconf 78' lang='lat' dir='ltr'>(deeu-</span> 
     </span>
     <span class='ocr_line' id='line_1_33' title="bbox 144 3285 1247 3363; baseline 0.006 -19"><span class='ocrx_word' id='word_1_315' title='bbox 144 3289 235 3363; x_wconf 79' lang='grc' dir='ltr'><strong>τρεῖς,</strong></span> <span class='ocrx_word' id='word_1_316' title='bbox 253 3287 307 3344; x_wconf 88' lang='lat' dir='ltr'>Dio</span> <span class='ocrx_word' id='word_1_317' title='bbox 325 3288 372 3356; x_wconf 87' lang='grc'>57,</span> <span class='ocrx_word' id='word_1_318' title='bbox 393 3286 468 3360; x_wconf 87' lang='grc'><strong>18),</strong></span> <span class='ocrx_word' id='word_1_319' title='bbox 486 3287 636 3362; x_wconf 82' lang='lat' dir='ltr'>Augustam</span> <span class='ocrx_word' id='word_1_320' title='bbox 655 3285 822 3362; x_wconf 86' lang='lat' dir='ltr'>prosapiam.</span> <span class='ocrx_word' id='word_1_321' title='bbox 863 3286 986 3344; x_wconf 87' lang='lat' dir='ltr'>Ciuicam</span> <span class='ocrx_word' id='word_1_322' title='bbox 1005 3306 1137 3349; x_wconf 81' lang='lat' dir='ltr'>coronans</span> <span class='ocrx_word' id='word_1_323' title='bbox 1157 3291 1247 3351; x_wconf 84' lang='lat' dir='ltr'>Tibe·</span> 
     </span>
     <span class='ocr_line' id='line_1_34' title="bbox 144 3377 1246 3459; baseline 0.005 -22"><span class='ocrx_word' id='word_1_324' title='bbox 144 3380 201 3437; x_wconf 88' lang='lat' dir='ltr'>rins</span> <span class='ocrx_word' id='word_1_325' title='bbox 225 3382 363 3438; x_wconf 85' lang='lat' dir='ltr'>recusauit</span> <span class='ocrx_word' id='word_1_326' title='bbox 388 3388 458 3437; x_wconf 84' lang='lat' dir='ltr'>teste</span> <span class='ocrx_word' id='word_1_327' title='bbox 478 3379 557 3436; x_wconf 86' lang='lat' dir='ltr'>Suet.</span> <span class='ocrx_word' id='word_1_328' title='bbox 580 3377 646 3435; x_wconf 82' lang='lat' dir='ltr'>Tib.</span> <span class='ocrx_word' id='word_1_329' title='bbox 665 3396 690 3434; x_wconf 89' lang='lat' dir='ltr'>c.</span> <span class='ocrx_word' id='word_1_330' title='bbox 705 3380 760 3436; x_wconf 83' lang='grc' dir='ltr'>26ι</span> <span class='ocrx_word' id='word_1_331' title='bbox 785 3378 853 3453; x_wconf 87' lang='lat' dir='ltr'>sed,</span> <span class='ocrx_word' id='word_1_332' title='bbox 882 3389 913 3437; x_wconf 86' lang='lat' dir='ltr'>ut</span> <span class='ocrx_word' id='word_1_333' title='bbox 938 3381 1055 3457; x_wconf 86' lang='lat' dir='ltr'>opinor,</span> <span class='ocrx_word' id='word_1_334' title='bbox 1083 3401 1142 3443; x_wconf 90' lang='lat' dir='ltr'>nou</span> <span class='ocrx_word' id='word_1_335' title='bbox 1165 3393 1246 3459; x_wconf 87' lang='lat' dir='ltr'>ante,</span> 
     </span>
     <span class='ocr_line' id='line_1_35' title="bbox 145 3469 1247 3552; baseline 0.006 -23"><span class='ocrx_word' id='word_1_336' title='bbox 145 3491 228 3550; x_wconf 89' lang='lat' dir='ltr'>quam</span> <span class='ocrx_word' id='word_1_337' title='bbox 251 3473 435 3549; x_wconf 88' lang='lat' dir='ltr'>principatum</span> <span class='ocrx_word' id='word_1_338' title='bbox 454 3472 505 3529; x_wconf 89' lang='lat' dir='ltr'>sibi</span> <span class='ocrx_word' id='word_1_339' title='bbox 531 3469 640 3528; x_wconf 88' lang='lat' dir='ltr'>obtrudi</span> <span class='ocrx_word' id='word_1_340' title='bbox 664 3489 761 3549; x_wconf 87' lang='lat' dir='ltr'>passus</span> <span class='ocrx_word' id='word_1_341' title='bbox 780 3481 837 3546; x_wconf 86' lang='lat' dir='ltr'>est;</span> <span class='ocrx_word' id='word_1_342' title='bbox 859 3473 935 3548; x_wconf 87' lang='lat' dir='ltr'>prius</span> <span class='ocrx_word' id='word_1_343' title='bbox 955 3474 1028 3531; x_wconf 86' lang='lat' dir='ltr'>euim</span> <span class='ocrx_word' id='word_1_344' title='bbox 1047 3476 1115 3552; x_wconf 91' lang='lat' dir='ltr'>quid</span> <span class='ocrx_word' id='word_1_345' title='bbox 1134 3477 1198 3535; x_wconf 90' lang='lat' dir='ltr'>iuris</span> <span class='ocrx_word' id='word_1_346' title='bbox 1217 3479 1247 3536; x_wconf 90' lang='lat' dir='ltr'>ei</span> 
     </span>
     <span class='ocr_line' id='line_1_36' title="bbox 143 3563 1247 3641; baseline 0.007 -18"><span class='ocrx_word' id='word_1_347' title='bbox 143 3565 197 3624; x_wconf 79' lang='lat' dir='ltr'>fuit</span> <span class='ocrx_word' id='word_1_348' title='bbox 221 3566 249 3623; x_wconf 89' lang='lat' dir='ltr'>in</span> <span class='ocrx_word' id='word_1_349' title='bbox 276 3564 389 3621; x_wconf 89' lang='lat' dir='ltr'>domum</span> <span class='ocrx_word' id='word_1_350' title='bbox 413 3565 449 3621; x_wconf 92' lang='lat' dir='ltr'>ab</span> <span class='ocrx_word' id='word_1_351' title='bbox 468 3565 591 3640; x_wconf 77' lang='lat' dir='ltr'>Augusto</span> <span class='ocrx_word' id='word_1_352' title='bbox 617 3563 756 3640; x_wconf 85' lang='lat' dir='ltr'>publicam</span> <span class='ocrx_word' id='word_1_353' title='bbox 782 3564 884 3623; x_wconf 83' lang='lat' dir='ltr'>iactam</span> <span class='ocrx_word' id='word_1_354' title='bbox 910 3576 981 3640; x_wconf 80' lang='lat' dir='ltr'>teste</span> <span class='ocrx_word' id='word_1_355' title='bbox 999 3567 1091 3626; x_wconf 87' lang='lat' dir='ltr'>Dione</span> <span class='ocrx_word' id='word_1_356' title='bbox 1115 3569 1166 3641; x_wconf 89' lang='grc'>55,</span> <span class='ocrx_word' id='word_1_357' title='bbox 1186 3567 1247 3631; x_wconf 70' lang='grc'>121</span> 
     </span>
     <span class='ocr_line' id='line_1_37' title="bbox 147 3657 1249 3741; baseline 0.005 -25"><span class='ocrx_word' id='word_1_358' title='bbox 147 3669 215 3717; x_wconf 88' lang='lat' dir='ltr'>tuuc</span> <span class='ocrx_word' id='word_1_359' title='bbox 242 3677 328 3732; x_wconf 87' lang='lat' dir='ltr'>uero,</span> <span class='ocrx_word' id='word_1_360' title='bbox 356 3657 482 3734; x_wconf 87' lang='lat' dir='ltr'>quamuis</span> <span class='ocrx_word' id='word_1_361' title='bbox 508 3675 655 3731; x_wconf 85' lang='lat' dir='ltr'>recusans,</span> <span class='ocrx_word' id='word_1_362' title='bbox 685 3676 784 3735; x_wconf 86' lang='lat' dir='ltr'>reapse</span> <span class='ocrx_word' id='word_1_363' title='bbox 809 3659 863 3715; x_wconf 89' lang='lat' dir='ltr'>iam</span> <span class='ocrx_word' id='word_1_364' title='bbox 889 3658 1056 3737; x_wconf 89' lang='lat' dir='ltr'>aliquamdiu</span> <span class='ocrx_word' id='word_1_365' title='bbox 1084 3674 1249 3741; x_wconf 82' lang='lat' dir='ltr'>susceperat</span> 
     </span>
     <span class='ocr_line' id='line_1_38' title="bbox 144 3749 1250 3829; baseline 0.003 -18"><span class='ocrx_word' id='word_1_366' title='bbox 144 3751 322 3822; x_wconf 83' lang='lat' dir='ltr'>ONERosa,</span> <span class='ocrx_word' id='word_1_367' title='bbox 350 3749 433 3808; x_wconf 92' lang='lat' dir='ltr'>utin</span> <span class='ocrx_word' id='word_1_368' title='bbox 458 3749 553 3806; x_wconf 88' lang='lat' dir='ltr'>tabula</span> <span class='ocrx_word' id='word_1_369' title='bbox 571 3749 751 3808; x_wconf 86' lang='lat' dir='ltr'>Praenestina</span> <span class='ocrx_word' id='word_1_370' title='bbox 775 3750 893 3809; x_wconf 82' lang='lat' dir='ltr'>fortasse</span> <span class='ocrx_word' id='word_1_371' title='bbox 918 3752 989 3826; x_wconf 85' lang='lat' dir='ltr'>fuit,</span> <span class='ocrx_word' id='word_1_372' title='bbox 1015 3753 1122 3829; x_wconf 82' lang='lat' dir='ltr'>imperii</span> <span class='ocrx_word' id='word_1_373' title='bbox 1142 3755 1250 3827; x_wconf 84' lang='lat' dir='ltr'>munia,</span> 
     </span>
     <span class='ocr_line' id='line_1_39' title="bbox 143 3842 1251 3924; baseline 0.002 -20"><span class='ocrx_word' id='word_1_374' title='bbox 143 3845 224 3904; x_wconf 89' lang='lat' dir='ltr'>Suet.</span> <span class='ocrx_word' id='word_1_375' title='bbox 245 3845 314 3902; x_wconf 84' lang='lat' dir='ltr'>Tib.</span> <span class='ocrx_word' id='word_1_376' title='bbox 335 3862 360 3901; x_wconf 89' lang='lat' dir='ltr'>c.</span> <span class='ocrx_word' id='word_1_377' title='bbox 377 3842 427 3917; x_wconf 89' lang='grc'>24,</span> <span class='ocrx_word' id='word_1_378' title='bbox 451 3850 481 3899; x_wconf 87' lang='lat' dir='ltr'>et</span> <span class='ocrx_word' id='word_1_379' title='bbox 506 3861 540 3899; x_wconf 90' lang='lat' dir='ltr'>eo</span> <span class='ocrx_word' id='word_1_380' title='bbox 560 3844 668 3914; x_wconf 87' lang='lat' dir='ltr'>omine,</span> <span class='ocrx_word' id='word_1_381' title='bbox 696 3863 752 3920; x_wconf 92' lang='lat' dir='ltr'>quo</span> <span class='ocrx_word' id='word_1_382' title='bbox 771 3845 926 3924; x_wconf 82' lang='lat' dir='ltr'>Augustus,</span> <span class='ocrx_word' id='word_1_383' title='bbox 947 3843 1144 3906; x_wconf 72' lang='lat' dir='ltr'>onclVES.</span> <span class='ocrx_word' id='word_1_384' title='bbox 1158 3847 1251 3909; x_wconf 82' lang='lat' dir='ltr'>SER-</span> 
     </span>
     <span class='ocr_line' id='line_1_40' title="bbox 126 3933 1251 4015; baseline 0.001 -19"><span class='ocrx_word' id='word_1_385' title='bbox 126 3935 283 4005; x_wconf 80' lang='lat' dir='ltr'>¹VATOS.</span> <span class='ocrx_word' id='word_1_386' title='bbox 324 3936 385 3992; x_wconf 89' lang='lat' dir='ltr'>Hoc</span> <span class='ocrx_word' id='word_1_387' title='bbox 409 3935 492 4012; x_wconf 83' lang='lat' dir='ltr'>igitur</span> <span class='ocrx_word' id='word_1_388' title='bbox 517 3952 599 3992; x_wconf 89' lang='lat' dir='ltr'>ausus</span> <span class='ocrx_word' id='word_1_389' title='bbox 619 3944 661 3992; x_wconf 87' lang='lat' dir='ltr'>est</span> <span class='ocrx_word' id='word_1_390' title='bbox 680 3933 818 4011; x_wconf 91' lang='lat' dir='ltr'>Ouidius,</span> <span class='ocrx_word' id='word_1_391' title='bbox 847 3945 879 3994; x_wconf 85' lang='lat' dir='ltr'>ut</span> <span class='ocrx_word' id='word_1_392' title='bbox 897 3946 1025 4015; x_wconf 86' lang='lat' dir='ltr'>optaret,</span> <span class='ocrx_word' id='word_1_393' title='bbox 1052 3955 1089 3995; x_wconf 86' lang='lat' dir='ltr'>ne</span> <span class='ocrx_word' id='word_1_394' title='bbox 1108 3937 1132 3994; x_wconf 83' lang='lat' dir='ltr'>is</span> <span class='ocrx_word' id='word_1_395' title='bbox 1152 3939 1251 3999; x_wconf 89' lang='lat' dir='ltr'>titulus</span> 
     </span>
     <span class='ocr_line' id='line_1_41' title="bbox 143 4026 1251 4105; baseline 0.005 -17"><span class='ocrx_word' id='word_1_396' title='bbox 143 4031 309 4103; x_wconf 87' lang='lat' dir='ltr'>tolleretur,</span> <span class='ocrx_word' id='word_1_397' title='bbox 339 4037 455 4105; x_wconf 88' lang='lat' dir='ltr'>propter</span> <span class='ocrx_word' id='word_1_398' title='bbox 473 4026 583 4084; x_wconf 88' lang='lat' dir='ltr'>futuros</span> <span class='ocrx_word' id='word_1_399' title='bbox 601 4026 761 4085; x_wconf 88' lang='lat' dir='ltr'>hereditatis</span> <span class='ocrx_word' id='word_1_400' title='bbox 779 4029 856 4085; x_wconf 88' lang='lat' dir='ltr'>istius</span> <span class='ocrx_word' id='word_1_401' title='bbox 874 4047 1056 4090; x_wconf 87' lang='lat' dir='ltr'>successores.</span> <span class='ocrx_word' id='word_1_402' title='bbox 1095 4032 1251 4104; x_wconf 82' lang='lat' dir='ltr'>Venustus,</span> 
     </span>
     <span class='ocr_line' id='line_1_42' title="bbox 143 4120 1250 4204; baseline 0.009 -27"><span class='ocrx_word' id='word_1_403' title='bbox 143 4121 255 4203; x_wconf 84' lang='lat' dir='ltr'>siquid</span> <span class='ocrx_word' id='word_1_404' title='bbox 279 4120 378 4195; x_wconf 88' lang='lat' dir='ltr'>uideo,</span> <span class='ocrx_word' id='word_1_405' title='bbox 407 4121 533 4181; x_wconf 86' lang='lat' dir='ltr'>coloret</span> <span class='ocrx_word' id='word_1_406' title='bbox 558 4121 655 4200; x_wconf 91' lang='lat' dir='ltr'>quouis</span> <span class='ocrx_word' id='word_1_407' title='bbox 681 4122 792 4200; x_wconf 79' lang='lat' dir='ltr'>egregio</span> <span class='ocrx_word' id='word_1_408' title='bbox 818 4130 902 4200; x_wconf 87' lang='lat' dir='ltr'>poeta</span> <span class='ocrx_word' id='word_1_409' title='bbox 922 4123 1030 4203; x_wconf 65' lang='lat' dir='ltr'>dignus»</span> <span class='ocrx_word' id='word_1_410' title='bbox 1069 4124 1203 4204; x_wconf 85' lang='lat' dir='ltr'>Scilicet,</span> <span class='ocrx_word' id='word_1_411' title='bbox 1227 4128 1250 4186; x_wconf 84' lang='lat' dir='ltr'>si</span> 
     </span>
    </p>
   </div>
   <div class='ocr_carea' id='block_1_7' title="bbox 0 0 1287 4574">
    <p class='ocr_par' dir='ltr' id='par_1_10' title="bbox 0 0 1287 4574">
     <span class='ocr_line' id='line_1_43' title="bbox 0 0 1287 4574; baseline 0 0"><span class='ocrx_word' id='word_1_412' title='bbox 0 0 1287 4574; x_wconf 95' lang='lat' dir='ltr'> </span> 
     </span>
    </p>
   </div>
  </div>
 </body>
</html>
