<?xml version="1.0" encoding="UTF-8"?>
<!DOCTYPE html PUBLIC "-//W3C//DTD XHTML 1.0 Transitional//EN"
    "http://www.w3.org/TR/xhtml1/DTD/xhtml1-transitional.dtd">
<html xmlns="http://www.w3.org/1999/xhtml" xml:lang="en" lang="en">
 <head>
  <title>
</title>
<meta http-equiv="Content-Type" content="text/html;charset=utf-8" />
  <meta name='ocr-system' content='tesseract 3.04.00' />
  <meta name='ocr-capabilities' content='ocr_page ocr_carea ocr_par ocr_line ocrx_word'/>
</head>
<body>
  <div class='ocr_page' id='page_1' title='image "./fastorumlibrise01ovidgoog_0079.png"; bbox 0 0 2550 4574; ppageno 0'>
   <div class='ocr_carea' id='block_1_1' title="bbox 9 258 957 313">
    <p class='ocr_par' dir='ltr' id='par_1_1' title="bbox 9 258 957 313">
     <span class='ocr_line' id='line_1_1' title="bbox 9 258 957 313; baseline -0.013 2"><span class='ocrx_word' id='word_1_1' title='bbox 9 284 13 295; x_wconf 79' lang='lat'><strong>¹</strong></span> <span class='ocrx_word' id='word_1_2' title='bbox 137 266 206 313; x_wconf 74' lang='lat' dir='ltr'><strong>Lxx</strong></span> <span class='ocrx_word' id='word_1_3' title='bbox 536 259 667 307; x_wconf 79' lang='lat' dir='ltr'>OVIDIVS</span> <span class='ocrx_word' id='word_1_4' title='bbox 691 258 836 307; x_wconf 79' lang='lat' dir='ltr'><strong>CLODIVM</strong></span> <span class='ocrx_word' id='word_1_5' title='bbox 954 298 957 303; x_wconf 91' lang='lat'><strong>.</strong></span> 
     </span>
    </p>
   </div>
   <div class='ocr_carea' id='block_1_2' title="bbox 51 406 1244 865">
    <p class='ocr_par' dir='ltr' id='par_1_2' title="bbox 51 406 1244 865">
     <span class='ocr_line' id='line_1_2' title="bbox 138 406 1242 497; baseline -0.008 -22"><span class='ocrx_word' id='word_1_6' title='bbox 138 416 226 497; x_wconf 80' lang='lat' dir='ltr'><strong>pisino</strong></span> <span class='ocrx_word' id='word_1_7' title='bbox 249 419 281 490; x_wconf 82' lang='lat'><strong>2,</strong></span> <span class='ocrx_word' id='word_1_8' title='bbox 299 414 355 488; x_wconf 80' lang='lat'><strong>79,</strong></span> <span class='ocrx_word' id='word_1_9' title='bbox 380 429 462 491; x_wconf 91' lang='lat' dir='ltr'><strong>quem</strong></span> <span class='ocrx_word' id='word_1_10' title='bbox 488 428 520 471; x_wconf 91' lang='lat' dir='ltr'><strong>re</strong></span> <span class='ocrx_word' id='word_1_11' title='bbox 545 430 613 471; x_wconf 87' lang='lat' dir='ltr'><strong>uera</strong></span> <span class='ocrx_word' id='word_1_12' title='bbox 639 410 765 470; x_wconf 77' lang='lat' dir='ltr'><strong>occidam</strong></span> <span class='ocrx_word' id='word_1_13' title='bbox 789 416 884 468; x_wconf 91' lang='lat' dir='ltr'><strong>monet</strong></span> <span class='ocrx_word' id='word_1_14' title='bbox 910 406 1033 467; x_wconf 85' lang='lat' dir='ltr'><strong>idelerus</strong></span> <span class='ocrx_word' id='word_1_15' title='bbox 1053 406 1122 465; x_wconf 84' lang='lat' dir='ltr'><strong>Kal.</strong></span> <span class='ocrx_word' id='word_1_16' title='bbox 1141 408 1242 484; x_wconf 72' lang='lat' dir='ltr'><strong>Feta,</strong></span> 
     </span>
     <span class='ocr_line' id='line_1_3' title="bbox 140 500 1242 591; baseline -0.009 -21"><span class='ocrx_word' id='word_1_17' title='bbox 140 511 243 591; x_wconf 89' lang='lat' dir='ltr'><strong>quique</strong></span> <span class='ocrx_word' id='word_1_18' title='bbox 266 526 341 581; x_wconf 91' lang='lat' dir='ltr'><strong>uon,</strong></span> <span class='ocrx_word' id='word_1_19' title='bbox 368 515 399 563; x_wconf 88' lang='lat' dir='ltr'><strong>nt</strong></span> <span class='ocrx_word' id='word_1_20' title='bbox 422 506 445 563; x_wconf 88' lang='lat' dir='ltr'><strong>is</strong></span> <span class='ocrx_word' id='word_1_21' title='bbox 464 523 527 564; x_wconf 92' lang='lat' dir='ltr'><strong>cum</strong></span> <span class='ocrx_word' id='word_1_22' title='bbox 546 506 604 564; x_wconf 88' lang='lat' dir='ltr'><strong>aliis</strong></span> <span class='ocrx_word' id='word_1_23' title='bbox 625 506 751 583; x_wconf 86' lang='lat' dir='ltr'><strong>putauit,</strong></span> <span class='ocrx_word' id='word_1_24' title='bbox 778 505 813 561; x_wconf 84' lang='lat' dir='ltr'><strong>ab</strong></span> <span class='ocrx_word' id='word_1_25' title='bbox 833 501 936 562; x_wconf 84' lang='lat' dir='ltr'><strong>Ouidio</strong></span> <span class='ocrx_word' id='word_1_26' title='bbox 954 501 993 560; x_wconf 93' lang='lat' dir='ltr'><strong>iii</strong></span> <span class='ocrx_word' id='word_1_27' title='bbox 1009 500 1087 559; x_wconf 87' lang='lat' dir='ltr'><strong>Nou.</strong></span> <span class='ocrx_word' id='word_1_28' title='bbox 1108 500 1242 577; x_wconf 77' lang='lat' dir='ltr'><strong>refertur,</strong></span> 
     </span>
     <span class='ocr_line' id='line_1_4' title="bbox 51 584 1242 675; baseline -0.009 -12"><span class='ocrx_word' id='word_1_29' title='bbox 51 584 56 598; x_wconf 57' lang='lat'><strong><em>¹</em></strong></span> <span class='ocrx_word' id='word_1_30' title='bbox 140 603 191 663; x_wconf 83' lang='lat' dir='ltr'><strong>sed</strong></span> <span class='ocrx_word' id='word_1_31' title='bbox 209 599 358 661; x_wconf 88' lang='lat' dir='ltr'><strong>secuudum</strong></span> <span class='ocrx_word' id='word_1_32' title='bbox 379 598 507 658; x_wconf 90' lang='lat' dir='ltr'><strong>Clodium</strong></span> <span class='ocrx_word' id='word_1_33' title='bbox 526 598 598 675; x_wconf 86' lang='lat' dir='ltr'><strong>prid.</strong></span> <span class='ocrx_word' id='word_1_34' title='bbox 618 598 707 671; x_wconf 79' lang='lat' dir='ltr'><strong>Nom,</strong></span> <span class='ocrx_word' id='word_1_35' title='bbox 729 596 854 673; x_wconf 81' lang='lat' dir='ltr'><strong>sequenti</strong></span> <span class='ocrx_word' id='word_1_36' title='bbox 873 604 956 654; x_wconf 87' lang='lat' dir='ltr'><strong>nocte</strong></span> <span class='ocrx_word' id='word_1_37' title='bbox 974 603 1039 672; x_wconf 80' lang='lat' dir='ltr'><strong>post</strong></span> <span class='ocrx_word' id='word_1_38' title='bbox 1056 594 1163 652; x_wconf 87' lang='lat' dir='ltr'><strong>Leonis</strong></span> <span class='ocrx_word' id='word_1_39' title='bbox 1184 612 1242 652; x_wconf 87' lang='lat' dir='ltr'><strong>ma-</strong></span> 
     </span>
     <span class='ocr_line' id='line_1_5' title="bbox 103 690 1158 770; baseline -0.009 -14"><span class='ocrx_word' id='word_1_40' title='bbox 103 718 107 737; x_wconf 88' lang='lat'>·</span> <span class='ocrx_word' id='word_1_41' title='bbox 140 696 256 756; x_wconf 90' lang='lat' dir='ltr'><strong>tutinum</strong></span> <span class='ocrx_word' id='word_1_42' title='bbox 275 711 414 767; x_wconf 88' lang='lat' dir='ltr'><strong>occasum,</strong></span> <span class='ocrx_word' id='word_1_43' title='bbox 434 712 516 770; x_wconf 91' lang='lat' dir='ltr'><strong>quem</strong></span> <span class='ocrx_word' id='word_1_44' title='bbox 535 693 573 750; x_wconf 87' lang='lat' dir='ltr'><strong>ad</strong></span> <span class='ocrx_word' id='word_1_45' title='bbox 593 694 630 749; x_wconf 95' lang='lat' dir='ltr'><strong>ili</strong></span> <span class='ocrx_word' id='word_1_46' title='bbox 649 692 724 749; x_wconf 92' lang='lat' dir='ltr'><strong>Non.</strong></span> <span class='ocrx_word' id='word_1_47' title='bbox 744 690 883 767; x_wconf 89' lang='lat' dir='ltr'><strong>pertinere</strong></span> <span class='ocrx_word' id='word_1_48' title='bbox 902 696 1084 747; x_wconf 89' lang='lat' dir='ltr'><strong>monstratum</strong></span> <span class='ocrx_word' id='word_1_49' title='bbox 1105 699 1158 747; x_wconf 85' lang='lat' dir='ltr'><strong>est.</strong></span> 
     </span>
     <span class='ocr_line' id='line_1_6' title="bbox 214 781 1244 865; baseline -0.005 -19"><span class='ocrx_word' id='word_1_50' title='bbox 214 788 377 865; x_wconf 83' lang='lat' dir='ltr'><strong>Sequuntur</strong></span> <span class='ocrx_word' id='word_1_51' title='bbox 395 787 467 860; x_wconf 92' lang='lat' dir='ltr'><strong>loci,</strong></span> <span class='ocrx_word' id='word_1_52' title='bbox 493 786 591 862; x_wconf 76' lang='lat' dir='ltr'><strong>quilius</strong></span> <span class='ocrx_word' id='word_1_53' title='bbox 612 784 725 843; x_wconf 87' lang='lat' dir='ltr'><strong>Clodius</strong></span> <span class='ocrx_word' id='word_1_54' title='bbox 744 785 780 840; x_wconf 88' lang='lat' dir='ltr'><strong>ab</strong></span> <span class='ocrx_word' id='word_1_55' title='bbox 799 781 903 841; x_wconf 90' lang='lat' dir='ltr'><strong>Ouidio</strong></span> <span class='ocrx_word' id='word_1_56' title='bbox 922 791 971 840; x_wconf 90' lang='lat' dir='ltr'><strong>aut</strong></span> <span class='ocrx_word' id='word_1_57' title='bbox 990 788 1083 857; x_wconf 74' lang='lat' dir='ltr'><strong>remo,</strong></span> <span class='ocrx_word' id='word_1_58' title='bbox 1109 792 1160 839; x_wconf 86' lang='lat' dir='ltr'><strong>aut</strong></span> <span class='ocrx_word' id='word_1_59' title='bbox 1178 798 1244 860; x_wconf 84' lang='lat' dir='ltr'><strong>per·</strong></span> 
     </span>
    </p>
   </div>
   <div class='ocr_carea' id='block_1_3' title="bbox 138 875 1241 1050">
    <p class='ocr_par' dir='ltr' id='par_1_3' title="bbox 138 875 1241 1050">
     <span class='ocr_line' id='line_1_7' title="bbox 138 875 1032 961; baseline -0.01 -22"><span class='ocrx_word' id='word_1_60' title='bbox 138 899 234 961; x_wconf 89' lang='lat' dir='ltr'><strong>peram</strong></span> <span class='ocrx_word' id='word_1_61' title='bbox 253 879 395 938; x_wconf 83' lang='lat' dir='ltr'><strong>discedere</strong></span> <span class='ocrx_word' id='word_1_62' title='bbox 415 879 534 953; x_wconf 92' lang='lat' dir='ltr'><strong>uidetur,</strong></span> <span class='ocrx_word' id='word_1_63' title='bbox 554 877 603 935; x_wconf 89' lang='lat' dir='ltr'><strong>sed</strong></span> <span class='ocrx_word' id='word_1_64' title='bbox 623 895 679 934; x_wconf 89' lang='lat' dir='ltr'><strong>nou</strong></span> <span class='ocrx_word' id='word_1_65' title='bbox 697 875 821 934; x_wconf 90' lang='lat' dir='ltr'><strong>discedit.</strong></span> <span class='ocrx_word' id='word_1_66' title='bbox 1028 914 1032 921; x_wconf 86' lang='lat'><em>-</em></span> 
     </span>
     <span class='ocr_line' id='line_1_8' title="bbox 214 964 1241 1050; baseline -0.003 -21"><span class='ocrx_word' id='word_1_67' title='bbox 214 971 337 1032; x_wconf 88' lang='lat' dir='ltr'><strong>Ideierus</strong></span> <span class='ocrx_word' id='word_1_68' title='bbox 354 991 385 1050; x_wconf 91' lang='lat' dir='ltr'><strong>p.</strong></span> <span class='ocrx_word' id='word_1_69' title='bbox 399 974 455 1029; x_wconf 82' lang='lat'><strong>160</strong></span> <span class='ocrx_word' id='word_1_70' title='bbox 473 965 572 1029; x_wconf 83' lang='lat' dir='ltr'><strong>docet:</strong></span> <span class='ocrx_word' id='word_1_71' title='bbox 594 968 756 1028; x_wconf 70' lang='lat' dir='ltr'><strong>senarias</strong></span> <span class='ocrx_word' id='word_1_72' title='bbox 769 971 824 1028; x_wconf 80' lang='lat' dir='ltr'><strong>coir</strong></span> <span class='ocrx_word' id='word_1_73' title='bbox 838 968 1024 1029; x_wconf 72' lang='lat' dir='ltr'><strong>den-Attium</strong></span> <span class='ocrx_word' id='word_1_74' title='bbox 1041 964 1087 1028; x_wconf 82' lang='lat' dir='ltr'><strong>oit&#39;r</strong></span> <span class='ocrx_word' id='word_1_75' title='bbox 1102 966 1148 1027; x_wconf 80' lang='lat' dir='ltr'><strong>dio</strong></span> <span class='ocrx_word' id='word_1_76' title='bbox 1158 971 1241 1026; x_wconf 80' lang='lat' dir='ltr'><strong>listllo</strong></span> 
     </span>
    </p>
   </div>
   <div class='ocr_carea' id='block_1_4' title="bbox 139 1061 1275 4223">
    <p class='ocr_par' dir='ltr' id='par_1_4' title="bbox 139 1061 1275 2338">
     <span class='ocr_line' id='line_1_9' title="bbox 139 1061 1238 1143; baseline -0.005 -16"><span class='ocrx_word' id='word_1_77' title='bbox 139 1066 188 1127; x_wconf 80' lang='lat' dir='ltr'><strong>des</strong></span> <span class='ocrx_word' id='word_1_78' title='bbox 200 1069 360 1143; x_wconf 76' lang='lat' dir='ltr'><strong>scapum,</strong></span> <span class='ocrx_word' id='word_1_79' title='bbox 378 1083 411 1124; x_wconf 85' lang='lat' dir='ltr'><strong>so</strong></span> <span class='ocrx_word' id='word_1_80' title='bbox 430 1065 494 1141; x_wconf 80' lang='lat' dir='ltr'><strong>liept</strong></span> <span class='ocrx_word' id='word_1_81' title='bbox 512 1063 560 1122; x_wconf 83' lang='lat' dir='ltr'><strong>der</strong></span> <span class='ocrx_word' id='word_1_82' title='bbox 577 1067 596 1121; x_wconf 84' lang='lat'><strong>6</strong></span> <span class='ocrx_word' id='word_1_83' title='bbox 615 1064 683 1122; x_wconf 85' lang='lat' dir='ltr'><strong>Mol</strong></span> <span class='ocrx_word' id='word_1_84' title='bbox 699 1066 731 1121; x_wconf 84' lang='lat' dir='ltr'><strong>iu</strong></span> <span class='ocrx_word' id='word_1_85' title='bbox 748 1062 797 1121; x_wconf 85' lang='lat' dir='ltr'><strong>dor</strong></span> <span class='ocrx_word' id='word_1_86' title='bbox 817 1066 902 1121; x_wconf 82' lang='lat' dir='ltr'><strong>Mitto</strong></span> <span class='ocrx_word' id='word_1_87' title='bbox 919 1062 1056 1122; x_wconf 68' lang='lat' dir='ltr'><strong>momoilut</strong></span> <span class='ocrx_word' id='word_1_88' title='bbox 1075 1061 1128 1121; x_wconf 80' lang='lat' dir='ltr'><strong>dora</strong></span> <span class='ocrx_word' id='word_1_89' title='bbox 1149 1066 1238 1137; x_wconf 65' lang='lat' dir='ltr'><strong>Toum</strong></span> 
     </span>
     <span class='ocr_line' id='line_1_10' title="bbox 139 1154 1275 1232; baseline -0.008 -12"><span class='ocrx_word' id='word_1_90' title='bbox 139 1163 228 1220; x_wconf 80' lang='lat' dir='ltr'><strong>seinos</strong></span> <span class='ocrx_word' id='word_1_91' title='bbox 253 1157 367 1219; x_wconf 68' lang='lat' dir='ltr'><strong>uuna</strong></span> <span class='ocrx_word' id='word_1_92' title='bbox 390 1156 448 1216; x_wconf 83' lang='lat' dir='ltr'><strong>und</strong></span> <span class='ocrx_word' id='word_1_93' title='bbox 473 1155 647 1216; x_wconf 65' lang='lat' dir='ltr'><strong>toleratores</strong></span> <span class='ocrx_word' id='word_1_94' title='bbox 666 1156 886 1232; x_wconf 70' lang='lat' dir='ltr'><strong>fiilioufportps</strong></span> <span class='ocrx_word' id='word_1_95' title='bbox 910 1156 961 1230; x_wconf 73' lang='lat' dir='ltr'><strong>iiis</strong></span> <span class='ocrx_word' id='word_1_96' title='bbox 978 1160 1062 1217; x_wconf 84' lang='lat' dir='ltr'><strong>Rom.</strong></span> <span class='ocrx_word' id='word_1_97' title='bbox 1102 1154 1166 1213; x_wconf 82' lang='lat' dir='ltr'><strong>Hoc</strong></span> <span class='ocrx_word' id='word_1_98' title='bbox 1188 1162 1237 1229; x_wconf 69' lang='lat' dir='ltr'><strong>tut,</strong></span> <span class='ocrx_word' id='word_1_99' title='bbox 1267 1159 1275 1177; x_wconf 85' lang='lat'>¹</span> 
     </span>
     <span class='ocr_line' id='line_1_11' title="bbox 140 1238 1268 1330; baseline 0.001 -20"><span class='ocrx_word' id='word_1_100' title='bbox 140 1252 171 1328; x_wconf 71' lang='grc' dir='ltr'><strong>ὅ,</strong></span> <span class='ocrx_word' id='word_1_101' title='bbox 189 1254 263 1311; x_wconf 76' lang='lat'>417:</span> <span class='ocrx_word' id='word_1_102' title='bbox 363 1254 493 1330; x_wconf 81' lang='lat' dir='ltr'><strong>Scorpios</strong></span> <span class='ocrx_word' id='word_1_103' title='bbox 510 1280 550 1293; x_wconf 88' lang='lat'><em>-</em></span> <span class='ocrx_word' id='word_1_104' title='bbox 569 1238 696 1327; x_wconf 22' lang='lat' dir='ltr'><strong>uumcdiu</strong></span> <span class='ocrx_word' id='word_1_105' title='bbox 714 1256 794 1328; x_wconf 82' lang='lat' dir='ltr'><strong>porte</strong></span> <span class='ocrx_word' id='word_1_106' title='bbox 812 1248 951 1309; x_wconf 78' lang='lat' dir='ltr'><strong>rotondus</strong></span> <span class='ocrx_word' id='word_1_107' title='bbox 969 1254 1022 1310; x_wconf 79' lang='lat' dir='ltr'><strong>orii</strong></span> <span class='ocrx_word' id='word_1_108' title='bbox 1121 1266 1125 1276; x_wconf 92' lang='grc'><em>·</em></span> <span class='ocrx_word' id='word_1_109' title='bbox 1218 1258 1221 1265; x_wconf 91' lang='grc'><strong>’</strong></span> <span class='ocrx_word' id='word_1_110' title='bbox 1261 1246 1268 1283; x_wconf 67' lang='lat'><em>²</em></span> 
     </span>
     <span class='ocr_line' id='line_1_12' title="bbox 140 1336 1235 1418; baseline -0.002 -16"><span class='ocrx_word' id='word_1_111' title='bbox 140 1353 217 1403; x_wconf 88' lang='lat' dir='ltr'><strong>recte</strong></span> <span class='ocrx_word' id='word_1_112' title='bbox 237 1344 354 1405; x_wconf 81' lang='lat' dir='ltr'><strong>reddere</strong></span> <span class='ocrx_word' id='word_1_113' title='bbox 373 1356 591 1404; x_wconf 79' lang='lat' dir='ltr'><strong>astronomorum</strong></span> <span class='ocrx_word' id='word_1_114' title='bbox 612 1345 744 1418; x_wconf 79' lang='lat' dir='ltr'><strong>calculos,</strong></span> <span class='ocrx_word' id='word_1_115' title='bbox 763 1344 787 1401; x_wconf 92' lang='lat' dir='ltr'><strong>si</strong></span> <span class='ocrx_word' id='word_1_116' title='bbox 805 1336 897 1401; x_wconf 75' lang='lat' dir='ltr'><strong>ort&#39;um</strong></span> <span class='ocrx_word' id='word_1_117' title='bbox 915 1344 1082 1402; x_wconf 88' lang='lat' dir='ltr'><strong>matutinum</strong></span> <span class='ocrx_word' id='word_1_118' title='bbox 1099 1342 1184 1401; x_wconf 74' lang='lat' dir='ltr'><strong>dcent</strong></span> <span class='ocrx_word' id='word_1_119' title='bbox 1197 1342 1235 1399; x_wconf 84' lang='lat' dir='ltr'><strong>in·</strong></span> 
     </span>
     <span class='ocr_line' id='line_1_13' title="bbox 140 1435 1237 1516; baseline -0.005 -19"><span class='ocrx_word' id='word_1_120' title='bbox 140 1438 273 1516; x_wconf 82' lang='lat' dir='ltr'><strong>telligere.</strong></span> <span class='ocrx_word' id='word_1_121' title='bbox 312 1438 357 1496; x_wconf 92' lang='lat' dir='ltr'><strong>De</strong></span> <span class='ocrx_word' id='word_1_122' title='bbox 376 1456 475 1496; x_wconf 89' lang='lat' dir='ltr'><strong>occasu</strong></span> <span class='ocrx_word' id='word_1_123' title='bbox 495 1447 587 1496; x_wconf 91' lang='lat' dir='ltr'><strong>tamen</strong></span> <span class='ocrx_word' id='word_1_124' title='bbox 607 1437 741 1496; x_wconf 83' lang='lat' dir='ltr'><strong>mamtino</strong></span> <span class='ocrx_word' id='word_1_125' title='bbox 760 1439 821 1516; x_wconf 90' lang='lat' dir='ltr'><strong>ipse</strong></span> <span class='ocrx_word' id='word_1_126' title='bbox 840 1435 940 1516; x_wconf 87' lang='lat' dir='ltr'><strong>accipit</strong></span> <span class='ocrx_word' id='word_1_127' title='bbox 959 1446 989 1496; x_wconf 93' lang='lat' dir='ltr'><strong>et</strong></span> <span class='ocrx_word' id='word_1_128' title='bbox 1010 1436 1113 1495; x_wconf 78' lang='lat' dir='ltr'><strong>erroris</strong></span> <span class='ocrx_word' id='word_1_129' title='bbox 1128 1435 1237 1495; x_wconf 83' lang='lat' dir='ltr'><strong>insimu-</strong></span> 
     </span>
     <span class='ocr_line' id='line_1_14' title="bbox 140 1512 1239 1610; baseline 0 -21"><span class='ocrx_word' id='word_1_130' title='bbox 140 1530 181 1590; x_wconf 88' lang='lat' dir='ltr'><strong>iat</strong></span> <span class='ocrx_word' id='word_1_131' title='bbox 196 1540 328 1610; x_wconf 86' lang='lat' dir='ltr'><strong>poetam,</strong></span> <span class='ocrx_word' id='word_1_132' title='bbox 355 1533 421 1609; x_wconf 92' lang='lat' dir='ltr'><strong>quia</strong></span> <span class='ocrx_word' id='word_1_133' title='bbox 439 1531 566 1590; x_wconf 87' lang='lat' dir='ltr'><strong>nimirum</strong></span> <span class='ocrx_word' id='word_1_134' title='bbox 587 1528 741 1607; x_wconf 82' lang='lat' dir='ltr'><strong>Columella</strong></span> <span class='ocrx_word' id='word_1_135' title='bbox 761 1549 874 1609; x_wconf 89' lang='lat' dir='ltr'><strong>quoque</strong></span> <span class='ocrx_word' id='word_1_136' title='bbox 893 1530 967 1609; x_wconf 85' lang='lat' dir='ltr'><strong>prid.</strong></span> <span class='ocrx_word' id='word_1_137' title='bbox 985 1528 1063 1590; x_wconf 87' lang='lat' dir='ltr'><strong>No&#39;u.</strong></span> <span class='ocrx_word' id='word_1_138' title='bbox 1083 1530 1152 1609; x_wconf 75' lang='lat' dir='ltr'><strong>Mat.</strong></span> <span class='ocrx_word' id='word_1_139' title='bbox 1169 1512 1239 1589; x_wconf 79' lang='lat' dir='ltr'><strong>otti·</strong></span> 
     </span>
     <span class='ocr_line' id='line_1_15' title="bbox 139 1618 1240 1704; baseline -0.002 -21"><span class='ocrx_word' id='word_1_140' title='bbox 139 1623 218 1699; x_wconf 79' lang='lat' dir='ltr'><strong>dcto,</strong></span> <span class='ocrx_word' id='word_1_141' title='bbox 242 1645 298 1684; x_wconf 89' lang='lat' dir='ltr'><strong>non</strong></span> <span class='ocrx_word' id='word_1_142' title='bbox 323 1625 387 1683; x_wconf 89' lang='lat' dir='ltr'><strong>oriri</strong></span> <span class='ocrx_word' id='word_1_143' title='bbox 406 1625 553 1704; x_wconf 86' lang='lat' dir='ltr'><strong>Scorpium</strong></span> <span class='ocrx_word' id='word_1_144' title='bbox 580 1618 705 1686; x_wconf 85' lang='lat' dir='ltr'><strong>anuot&#39;et.</strong></span> <span class='ocrx_word' id='word_1_145' title='bbox 750 1624 836 1694; x_wconf 88' lang='lat' dir='ltr'><strong>Quod</strong></span> <span class='ocrx_word' id='word_1_146' title='bbox 861 1643 879 1684; x_wconf 90' lang='lat' dir='ltr'><strong>e</strong></span> <span class='ocrx_word' id='word_1_147' title='bbox 905 1624 1038 1703; x_wconf 84' lang='lat' dir='ltr'><strong>co&#39;rrupio</strong></span> <span class='ocrx_word' id='word_1_148' title='bbox 1064 1625 1119 1682; x_wconf 88' lang='lat' dir='ltr'><strong>iam</strong></span> <span class='ocrx_word' id='word_1_149' title='bbox 1144 1622 1240 1681; x_wconf 86' lang='lat' dir='ltr'><strong>Clodio</strong></span> 
     </span>
     <span class='ocr_line' id='line_1_16' title="bbox 141 1704 1239 1795; baseline -0.002 -17"><span class='ocrx_word' id='word_1_150' title='bbox 141 1716 252 1778; x_wconf 83' lang='lat' dir='ltr'><strong>fluxisse</strong></span> <span class='ocrx_word' id='word_1_151' title='bbox 278 1727 366 1795; x_wconf 88' lang='lat' dir='ltr'><strong>puto,</strong></span> <span class='ocrx_word' id='word_1_152' title='bbox 391 1718 439 1794; x_wconf 90' lang='lat' dir='ltr'><strong>qui</strong></span> <span class='ocrx_word' id='word_1_153' title='bbox 463 1718 547 1795; x_wconf 87' lang='lat' dir='ltr'><strong>panio</strong></span> <span class='ocrx_word' id='word_1_154' title='bbox 573 1721 639 1776; x_wconf 86' lang='lat' dir='ltr'><strong>aute</strong></span> <span class='ocrx_word' id='word_1_155' title='bbox 658 1718 755 1781; x_wconf 81' lang='lat' dir='ltr'><strong>ue&#39;rum</strong></span> <span class='ocrx_word' id='word_1_156' title='bbox 775 1719 850 1776; x_wconf 90' lang='lat' dir='ltr'><strong>solus</strong></span> <span class='ocrx_word' id='word_1_157' title='bbox 874 1718 1013 1787; x_wconf 78' lang='lat' dir='ltr'><strong>seruauit,</strong></span> <span class='ocrx_word' id='word_1_158' title='bbox 1039 1716 1090 1776; x_wconf 74' lang='lat' dir='ltr'><strong>iv.</strong></span> <span class='ocrx_word' id='word_1_159' title='bbox 1105 1704 1239 1776; x_wconf 75' lang='lat' dir='ltr'><strong>Nomrd</strong></span> 
     </span>
     <span class='ocr_line' id='line_1_17' title="bbox 144 1800 1242 1889; baseline -0.001 -21"><span class='ocrx_word' id='word_1_160' title='bbox 144 1806 292 1887; x_wconf 81' lang='grc' dir='ltr'><strong><em>σκορπίος</em></strong></span> <span class='ocrx_word' id='word_1_161' title='bbox 312 1802 410 1869; x_wconf 65' lang='grc' dir='ltr'><strong><em>ἕωθεν</em></strong></span> <span class='ocrx_word' id='word_1_162' title='bbox 429 1804 555 1886; x_wconf 79' lang='grc' dir='ltr'><strong><em>ἀνίσχει.</em></strong></span> <span class='ocrx_word' id='word_1_163' title='bbox 594 1813 657 1869; x_wconf 89' lang='lat' dir='ltr'><strong>Hoc</strong></span> <span class='ocrx_word' id='word_1_164' title='bbox 675 1800 808 1869; x_wconf 83' lang='lat' dir='ltr'><strong>Eudoxus</strong></span> <span class='ocrx_word' id='word_1_165' title='bbox 827 1810 959 1885; x_wconf 84' lang='lat' dir='ltr'><strong>tradidit,</strong></span> <span class='ocrx_word' id='word_1_166' title='bbox 979 1826 1064 1887; x_wconf 89' lang='lat' dir='ltr'><strong>quem</strong></span> <span class='ocrx_word' id='word_1_167' title='bbox 1083 1818 1242 1889; x_wconf 79' lang='lat' dir='ltr'><strong>corruptam</strong></span> 
     </span>
     <span class='ocr_line' id='line_1_18' title="bbox 142 1901 1244 1978; baseline -0.001 -16"><span class='ocrx_word' id='word_1_168' title='bbox 142 1902 242 1962; x_wconf 82' lang='lat' dir='ltr'><strong>eodem</strong></span> <span class='ocrx_word' id='word_1_169' title='bbox 266 1904 347 1978; x_wconf 86' lang='lat' dir='ltr'><strong>ioco’,</strong></span> <span class='ocrx_word' id='word_1_170' title='bbox 373 1913 448 1962; x_wconf 90' lang='lat' dir='ltr'><strong>certe</strong></span> <span class='ocrx_word' id='word_1_171' title='bbox 473 1904 571 1963; x_wconf 89' lang='lat' dir='ltr'><strong>eodem</strong></span> <span class='ocrx_word' id='word_1_172' title='bbox 596 1904 744 1964; x_wconf 71' lang='lat' dir='ltr'><strong>interstitio</strong></span> <span class='ocrx_word' id='word_1_173' title='bbox 761 1923 779 1961; x_wconf 89' lang='lat' dir='ltr'><strong>a</strong></span> <span class='ocrx_word' id='word_1_174' title='bbox 797 1902 850 1962; x_wconf 80' lang='lat' dir='ltr'><strong>vll</strong></span> <span class='ocrx_word' id='word_1_175' title='bbox 867 1902 935 1961; x_wconf 86' lang='lat' dir='ltr'><strong>Kal.</strong></span> <span class='ocrx_word' id='word_1_176' title='bbox 955 1902 1022 1961; x_wconf 78' lang='lat' dir='ltr'><strong>ilai.</strong></span> <span class='ocrx_word' id='word_1_177' title='bbox 1041 1901 1136 1961; x_wconf 91' lang='lat' dir='ltr'><strong>Clodii</strong></span> <span class='ocrx_word' id='word_1_178' title='bbox 1163 1904 1201 1961; x_wconf 83' lang='lat' dir='ltr'><strong>ibi</strong></span> <span class='ocrx_word' id='word_1_179' title='bbox 1215 1912 1244 1961; x_wconf 91' lang='lat' dir='ltr'><strong>et</strong></span> 
     </span>
     <span class='ocr_line' id='line_1_19' title="bbox 142 1995 1245 2075; baseline -0.001 -19"><span class='ocrx_word' id='word_1_180' title='bbox 142 1996 227 2075; x_wconf 83' lang='lat' dir='ltr'><strong>ipsius</strong></span> <span class='ocrx_word' id='word_1_181' title='bbox 246 1998 370 2075; x_wconf 79' lang='lat' dir='ltr'><strong>corrupti</strong></span> <span class='ocrx_word' id='word_1_182' title='bbox 386 1998 522 2056; x_wconf 88' lang='lat' dir='ltr'><strong>Geminus</strong></span> <span class='ocrx_word' id='word_1_183' title='bbox 539 1995 636 2055; x_wconf 87' lang='lat' dir='ltr'><strong>laudat</strong></span> <span class='ocrx_word' id='word_1_184' title='bbox 655 2017 686 2075; x_wconf 88' lang='lat' dir='ltr'><strong>p.</strong></span> <span class='ocrx_word' id='word_1_185' title='bbox 699 2000 737 2058; x_wconf 79' lang='lat'><strong>69</strong></span> <span class='ocrx_word' id='word_1_186' title='bbox 751 1996 788 2057; x_wconf 88' lang='lat' dir='ltr'><strong>D.</strong></span> <span class='ocrx_word' id='word_1_187' title='bbox 821 1997 925 2054; x_wconf 80' lang='lat' dir='ltr'><strong>Tribus</strong></span> <span class='ocrx_word' id='word_1_188' title='bbox 943 1997 1012 2055; x_wconf 85' lang='lat' dir='ltr'><strong>locis</strong></span> <span class='ocrx_word' id='word_1_189' title='bbox 1031 1996 1184 2055; x_wconf 80' lang='lat' dir='ltr'><strong>astronomi</strong></span> <span class='ocrx_word' id='word_1_190' title='bbox 1196 2016 1245 2055; x_wconf 82' lang='lat' dir='ltr'><strong>ue·</strong></span> 
     </span>
     <span class='ocr_line' id='line_1_20' title="bbox 142 2087 1245 2167; baseline -0.002 -18"><span class='ocrx_word' id='word_1_191' title='bbox 142 2098 216 2149; x_wconf 88' lang='lat' dir='ltr'><strong>terea</strong></span> <span class='ocrx_word' id='word_1_192' title='bbox 235 2088 401 2149; x_wconf 87' lang='lat' dir='ltr'><strong>emendandi</strong></span> <span class='ocrx_word' id='word_1_193' title='bbox 420 2096 493 2160; x_wconf 83' lang='lat' dir='ltr'><strong>tunt,</strong></span> <span class='ocrx_word' id='word_1_194' title='bbox 510 2109 629 2167; x_wconf 91' lang='lat' dir='ltr'><strong>quorum</strong></span> <span class='ocrx_word' id='word_1_195' title='bbox 648 2108 705 2148; x_wconf 93' lang='lat' dir='ltr'><strong>uuo</strong></span> <span class='ocrx_word' id='word_1_196' title='bbox 718 2089 844 2165; x_wconf 90' lang='lat' dir='ltr'><strong>Clodius,</strong></span> <span class='ocrx_word' id='word_1_197' title='bbox 862 2090 951 2148; x_wconf 86' lang='lat' dir='ltr'><strong>altero</strong></span> <span class='ocrx_word' id='word_1_198' title='bbox 966 2087 1095 2165; x_wconf 86' lang='lat' dir='ltr'><strong>Ouidius,</strong></span> <span class='ocrx_word' id='word_1_199' title='bbox 1107 2090 1169 2148; x_wconf 84' lang='lat' dir='ltr'><strong>nisi</strong></span> <span class='ocrx_word' id='word_1_200' title='bbox 1181 2088 1245 2148; x_wconf 88' lang='lat' dir='ltr'><strong>data</strong></span> 
     </span>
     <span class='ocr_line' id='line_1_21' title="bbox 142 2182 1247 2263; baseline 0 -22"><span class='ocrx_word' id='word_1_201' title='bbox 142 2200 230 2261; x_wconf 85' lang='lat' dir='ltr'><strong>opera</strong></span> <span class='ocrx_word' id='word_1_202' title='bbox 254 2184 328 2241; x_wconf 87' lang='lat' dir='ltr'><strong>mala</strong></span> <span class='ocrx_word' id='word_1_203' title='bbox 352 2184 580 2263; x_wconf 87' lang='lat' dir='ltr'><strong>interpretatione</strong></span> <span class='ocrx_word' id='word_1_204' title='bbox 605 2193 739 2259; x_wconf 80' lang='lat' dir='ltr'><strong>uexatur,</strong></span> <span class='ocrx_word' id='word_1_205' title='bbox 765 2201 824 2242; x_wconf 90' lang='lat' dir='ltr'><strong>rem</strong></span> <span class='ocrx_word' id='word_1_206' title='bbox 849 2192 1004 2242; x_wconf 87' lang='lat' dir='ltr'><strong>semarunt.</strong></span> <span class='ocrx_word' id='word_1_207' title='bbox 1043 2182 1129 2261; x_wconf 79' lang='lat' dir='ltr'><strong>Apud</strong></span> <span class='ocrx_word' id='word_1_208' title='bbox 1147 2182 1247 2242; x_wconf 89' lang='lat' dir='ltr'><strong>Ptolo-</strong></span> 
     </span>
     <span class='ocr_line' id='line_1_22' title="bbox 142 2275 613 2338; baseline -0.008 0"><span class='ocrx_word' id='word_1_209' title='bbox 142 2295 253 2338; x_wconf 85' lang='lat' dir='ltr'><strong>maeum</strong></span> <span class='ocrx_word' id='word_1_210' title='bbox 271 2277 359 2335; x_wconf 88' lang='lat' dir='ltr'><strong>maior</strong></span> <span class='ocrx_word' id='word_1_211' title='bbox 377 2276 459 2335; x_wconf 90' lang='lat' dir='ltr'><strong>etiam</strong></span> <span class='ocrx_word' id='word_1_212' title='bbox 479 2275 613 2336; x_wconf 85' lang='lat' dir='ltr'><strong>confusio.</strong></span> 
     </span>
    </p>

    <p class='ocr_par' dir='ltr' id='par_1_5' title="bbox 144 2368 1248 2633">
     <span class='ocr_line' id='line_1_23' title="bbox 220 2368 1247 2446; baseline 0.003 -20"><span class='ocrx_word' id='word_1_213' title='bbox 220 2370 360 2439; x_wconf 81' lang='lat' dir='ltr'><strong>Quoniam</strong></span> <span class='ocrx_word' id='word_1_214' title='bbox 374 2370 530 2428; x_wconf 84' lang='lat' dir='ltr'><strong>Columella</strong></span> <span class='ocrx_word' id='word_1_215' title='bbox 541 2369 670 2428; x_wconf 90' lang='lat' dir='ltr'><strong>Clodium</strong></span> <span class='ocrx_word' id='word_1_216' title='bbox 688 2377 866 2446; x_wconf 67' lang='lat' dir='ltr'><strong>secuissem,</strong></span> <span class='ocrx_word' id='word_1_217' title='bbox 885 2368 979 2427; x_wconf 86' lang='lat' dir='ltr'><strong>licebit</strong></span> <span class='ocrx_word' id='word_1_218' title='bbox 996 2388 1091 2429; x_wconf 79' lang='lat' dir='ltr'><strong>rursus</strong></span> <span class='ocrx_word' id='word_1_219' title='bbox 1110 2369 1190 2427; x_wconf 81' lang='lat' dir='ltr'><strong>launo</strong></span> <span class='ocrx_word' id='word_1_220' title='bbox 1210 2386 1247 2429; x_wconf 86' lang='lat' dir='ltr'><strong>ex</strong></span> 
     </span>
     <span class='ocr_line' id='line_1_24' title="bbox 144 2449 1248 2540; baseline 0.002 -19"><span class='ocrx_word' id='word_1_221' title='bbox 144 2462 191 2521; x_wconf 93' lang='lat' dir='ltr'><strong>iilo</strong></span> <span class='ocrx_word' id='word_1_222' title='bbox 210 2472 239 2520; x_wconf 89' lang='lat' dir='ltr'><strong>et</strong></span> <span class='ocrx_word' id='word_1_223' title='bbox 259 2449 361 2522; x_wconf 87' lang='lat' dir='ltr'><strong>Ouidio</strong></span> <span class='ocrx_word' id='word_1_224' title='bbox 381 2463 529 2520; x_wconf 88' lang='lat' dir='ltr'><strong>emendare</strong></span> <span class='ocrx_word' id='word_1_225' title='bbox 548 2463 636 2520; x_wconf 89' lang='lat' dir='ltr'><strong>Nouis</strong></span> <span class='ocrx_word' id='word_1_226' title='bbox 655 2452 782 2521; x_wconf 63' lang='lat' dir='ltr'><strong>iiiartiis.x</strong></span> <span class='ocrx_word' id='word_1_227' title='bbox 818 2462 892 2521; x_wconf 90' lang='lat' dir='ltr'><strong>Nam</strong></span> <span class='ocrx_word' id='word_1_228' title='bbox 911 2461 989 2540; x_wconf 87' lang='lat' dir='ltr'><strong>quod</strong></span> <span class='ocrx_word' id='word_1_229' title='bbox 1007 2467 1037 2537; x_wconf 79' lang='lat'><strong>³,</strong></span> <span class='ocrx_word' id='word_1_230' title='bbox 1055 2464 1114 2522; x_wconf 76' lang='lat' dir='ltr'><strong>tls</strong></span> <span class='ocrx_word' id='word_1_231' title='bbox 1134 2463 1174 2522; x_wconf 88' lang='lat' dir='ltr'><strong>de</strong></span> <span class='ocrx_word' id='word_1_232' title='bbox 1191 2462 1248 2523; x_wconf 83' lang='lat' dir='ltr'><strong>Pe·</strong></span> 
     </span>
     <span class='ocr_line' id='line_1_25' title="bbox 144 2544 1083 2633; baseline 0.001 -19"><span class='ocrx_word' id='word_1_233' title='bbox 144 2573 212 2633; x_wconf 78' lang='lat' dir='ltr'><strong>gaso</strong></span> <span class='ocrx_word' id='word_1_234' title='bbox 231 2544 289 2614; x_wconf 76' lang='lat' dir='ltr'><strong>estc</strong></span> <span class='ocrx_word' id='word_1_235' title='bbox 328 2558 443 2630; x_wconf 83' lang='lat' dir='ltr'><strong>loroque</strong></span> <span class='ocrx_word' id='word_1_236' title='bbox 459 2554 506 2613; x_wconf 78' lang='lat' dir='ltr'><strong>uit</strong></span> <span class='ocrx_word' id='word_1_237' title='bbox 521 2556 674 2615; x_wconf 69' lang='lat' dir='ltr'><strong>contuleruut</strong></span> <span class='ocrx_word' id='word_1_238' title='bbox 692 2555 837 2617; x_wconf 69' lang='lat' dir='ltr'><strong>oollam-at</strong></span> <span class='ocrx_word' id='word_1_239' title='bbox 854 2554 948 2615; x_wconf 76' lang='lat' dir='ltr'><strong>sideru</strong></span> <span class='ocrx_word' id='word_1_240' title='bbox 967 2556 1083 2633; x_wconf 74' lang='lat' dir='ltr'><strong>noritur,</strong></span> 
     </span>
    </p>

    <p class='ocr_par' dir='ltr' id='par_1_6' title="bbox 374 2649 960 2726">
     <span class='ocr_line' id='line_1_26' title="bbox 374 2649 960 2726; baseline 0 -19"><span class='ocrx_word' id='word_1_241' title='bbox 374 2650 498 2724; x_wconf 71' lang='lat' dir='ltr'><strong>Serapias,</strong></span> <span class='ocrx_word' id='word_1_242' title='bbox 522 2650 659 2725; x_wconf 78' lang='lat' dir='ltr'><strong>Gorponci</strong></span> <span class='ocrx_word' id='word_1_243' title='bbox 678 2650 749 2708; x_wconf 83' lang='lat' dir='ltr'><strong>coilo</strong></span> <span class='ocrx_word' id='word_1_244' title='bbox 766 2649 871 2709; x_wconf 82' lang='lat' dir='ltr'><strong>uidebis</strong></span> <span class='ocrx_word' id='word_1_245' title='bbox 890 2654 960 2726; x_wconf 82' lang='lat' dir='ltr'><strong>equi,</strong></span> 
     </span>
    </p>

    <p class='ocr_par' dir='ltr' id='par_1_7' title="bbox 145 2740 1248 3381">
     <span class='ocr_line' id='line_1_27' title="bbox 145 2740 1248 2824; baseline 0.003 -24"><span class='ocrx_word' id='word_1_246' title='bbox 145 2748 222 2801; x_wconf 84' lang='lat' dir='ltr'><strong>recta</strong></span> <span class='ocrx_word' id='word_1_247' title='bbox 239 2741 311 2800; x_wconf 90' lang='lat' dir='ltr'><strong>tradi</strong></span> <span class='ocrx_word' id='word_1_248' title='bbox 330 2740 451 2799; x_wconf 83' lang='lat' dir='ltr'><strong>affirmat</strong></span> <span class='ocrx_word' id='word_1_249' title='bbox 468 2741 591 2801; x_wconf 88' lang='lat' dir='ltr'><strong>Idelerus</strong></span> <span class='ocrx_word' id='word_1_250' title='bbox 610 2763 639 2820; x_wconf 91' lang='lat' dir='ltr'><strong>p.</strong></span> <span class='ocrx_word' id='word_1_251' title='bbox 653 2747 721 2815; x_wconf 84' lang='lat'><strong>149,</strong></span> <span class='ocrx_word' id='word_1_252' title='bbox 741 2744 762 2800; x_wconf 89' lang='lat' dir='ltr'><strong>si</strong></span> <span class='ocrx_word' id='word_1_253' title='bbox 782 2743 818 2801; x_wconf 90' lang='lat' dir='ltr'><strong>de</strong></span> <span class='ocrx_word' id='word_1_254' title='bbox 834 2752 901 2824; x_wconf 83' lang='lat' dir='ltr'><strong>ortu</strong></span> <span class='ocrx_word' id='word_1_255' title='bbox 922 2744 1069 2820; x_wconf 88' lang='lat' dir='ltr'><strong>matutino,</strong></span> <span class='ocrx_word' id='word_1_256' title='bbox 1089 2746 1174 2822; x_wconf 87' lang='lat' dir='ltr'><strong>quem</strong></span> <span class='ocrx_word' id='word_1_257' title='bbox 1191 2744 1248 2803; x_wconf 91' lang='lat' dir='ltr'><strong>Co·</strong></span> 
     </span>
     <span class='ocr_line' id='line_1_28' title="bbox 145 2833 1248 2912; baseline 0.003 -20"><span class='ocrx_word' id='word_1_258' title='bbox 145 2833 257 2892; x_wconf 86' lang='lat' dir='ltr'><strong>iumelia</strong></span> <span class='ocrx_word' id='word_1_259' title='bbox 275 2834 377 2908; x_wconf 87' lang='lat' dir='ltr'><strong>habet,</strong></span> <span class='ocrx_word' id='word_1_260' title='bbox 404 2834 491 2911; x_wconf 81' lang='lat' dir='ltr'><strong>accipi</strong></span> <span class='ocrx_word' id='word_1_261' title='bbox 509 2836 606 2912; x_wconf 88' lang='lat' dir='ltr'><strong>possit.</strong></span> <span class='ocrx_word' id='word_1_262' title='bbox 645 2837 750 2894; x_wconf 87' lang='lat' dir='ltr'><strong>Auctor</strong></span> <span class='ocrx_word' id='word_1_263' title='bbox 769 2854 837 2894; x_wconf 91' lang='lat' dir='ltr'><strong>uero</strong></span> <span class='ocrx_word' id='word_1_264' title='bbox 857 2837 926 2910; x_wconf 91' lang='lat' dir='ltr'><strong>sim,</strong></span> <span class='ocrx_word' id='word_1_265' title='bbox 951 2847 984 2895; x_wconf 93' lang='lat' dir='ltr'><strong>ut</strong></span> <span class='ocrx_word' id='word_1_266' title='bbox 1006 2836 1186 2895; x_wconf 83' lang='lat' dir='ltr'><strong>&#39;confidenter</strong></span> <span class='ocrx_word' id='word_1_267' title='bbox 1207 2838 1248 2895; x_wconf 86' lang='lat' dir='ltr'><strong>ita</strong></span> 
     </span>
     <span class='ocr_line' id='line_1_29' title="bbox 145 2926 1248 3004; baseline 0.004 -19"><span class='ocrx_word' id='word_1_268' title='bbox 145 2927 306 3004; x_wconf 86' lang='lat' dir='ltr'><strong>accipiatur,</strong></span> <span class='ocrx_word' id='word_1_269' title='bbox 326 2926 460 3004; x_wconf 91' lang='lat' dir='ltr'><strong>siquidem</strong></span> <span class='ocrx_word' id='word_1_270' title='bbox 474 2927 604 2987; x_wconf 88' lang='lat' dir='ltr'><strong>Vediouis</strong></span> <span class='ocrx_word' id='word_1_271' title='bbox 622 2928 724 2988; x_wconf 86' lang='lat' dir='ltr'><strong>festum</strong></span> <span class='ocrx_word' id='word_1_272' title='bbox 736 2940 901 2987; x_wconf 90' lang='lat' dir='ltr'><strong>nocturnum</strong></span> <span class='ocrx_word' id='word_1_273' title='bbox 918 2940 989 3004; x_wconf 87' lang='lat' dir='ltr'><strong>erat,</strong></span> <span class='ocrx_word' id='word_1_274' title='bbox 1011 2940 1041 2986; x_wconf 89' lang='lat' dir='ltr'><strong>ut</strong></span> <span class='ocrx_word' id='word_1_275' title='bbox 1055 2933 1179 2988; x_wconf 90' lang='lat' dir='ltr'><strong>omnium</strong></span> <span class='ocrx_word' id='word_1_276' title='bbox 1198 2949 1248 2989; x_wconf 88' lang='lat' dir='ltr'><strong>no·</strong></span> 
     </span>
     <span class='ocr_line' id='line_1_30' title="bbox 146 3019 1247 3100; baseline -0.001 -20"><span class='ocrx_word' id='word_1_277' title='bbox 146 3020 266 3080; x_wconf 76' lang='lat' dir='ltr'><strong>cendum</strong></span> <span class='ocrx_word' id='word_1_278' title='bbox 286 3019 412 3095; x_wconf 91' lang='lat' dir='ltr'><strong>deorum,</strong></span> <span class='ocrx_word' id='word_1_279' title='bbox 432 3019 507 3097; x_wconf 86' lang='lat' dir='ltr'><strong>quod</strong></span> <span class='ocrx_word' id='word_1_280' title='bbox 527 3019 599 3078; x_wconf 86' lang='lat' dir='ltr'><strong>inira</strong></span> <span class='ocrx_word' id='word_1_281' title='bbox 618 3020 862 3081; x_wconf 84' lang='lat' dir='ltr'><strong>demonstrabitur.</strong></span> <span class='ocrx_word' id='word_1_282' title='bbox 900 3028 1015 3100; x_wconf 81' lang='lat' dir='ltr'><strong>loroque</strong></span> <span class='ocrx_word' id='word_1_283' title='bbox 1032 3023 1118 3100; x_wconf 84' lang='lat' dir='ltr'><strong>igitur</strong></span> <span class='ocrx_word' id='word_1_284' title='bbox 1136 3034 1180 3082; x_wconf 84' lang='lat' dir='ltr'><strong>est</strong></span> <span class='ocrx_word' id='word_1_285' title='bbox 1197 3024 1247 3081; x_wconf 77' lang='lat' dir='ltr'><strong>cuir</strong></span> 
     </span>
     <span class='ocr_line' id='line_1_31' title="bbox 146 3106 1246 3196; baseline 0.002 -25"><span class='ocrx_word' id='word_1_286' title='bbox 146 3114 207 3171; x_wconf 91' lang='lat' dir='ltr'><strong>eius</strong></span> <span class='ocrx_word' id='word_1_287' title='bbox 233 3113 321 3177; x_wconf 87' lang='lat' dir='ltr'><strong>noctis</strong></span> <span class='ocrx_word' id='word_1_288' title='bbox 346 3113 440 3172; x_wconf 90' lang='lat' dir='ltr'><strong>finem.</strong></span> <span class='ocrx_word' id='word_1_289' title='bbox 485 3115 522 3168; x_wconf 90' lang='lat' dir='ltr'><strong>At</strong></span> <span class='ocrx_word' id='word_1_290' title='bbox 547 3112 661 3172; x_wconf 91' lang='lat' dir='ltr'><strong>Clodius</strong></span> <span class='ocrx_word' id='word_1_291' title='bbox 685 3135 852 3196; x_wconf 77' lang='lat' dir='ltr'><strong>perperamr</strong></span> <span class='ocrx_word' id='word_1_292' title='bbox 879 3110 997 3177; x_wconf 78' lang='grc' dir='ltr'><strong><em>Δῦεται</em></strong></span> <span class='ocrx_word' id='word_1_293' title='bbox 1024 3106 1041 3175; x_wconf 82' lang='grc' dir='ltr'><em>ὃ</em></span> <span class='ocrx_word' id='word_1_294' title='bbox 1064 3110 1162 3187; x_wconf 70' lang='lat' dir='ltr'><strong>innoc</strong></span> <span class='ocrx_word' id='word_1_295' title='bbox 1187 3108 1246 3175; x_wconf 78' lang='lat' dir='ltr'><strong>dard</strong></span> 
     </span>
     <span class='ocr_line' id='line_1_32' title="bbox 145 3201 1248 3289; baseline 0.007 -28"><span class='ocrx_word' id='word_1_296' title='bbox 145 3201 235 3282; x_wconf 75' lang='lat' dir='ltr'><strong>upari,</strong></span> <span class='ocrx_word' id='word_1_297' title='bbox 255 3207 335 3263; x_wconf 87' lang='lat' dir='ltr'><strong>etiam</strong></span> <span class='ocrx_word' id='word_1_298' title='bbox 356 3217 452 3263; x_wconf 87' lang='lat' dir='ltr'><strong>contra</strong></span> <span class='ocrx_word' id='word_1_299' title='bbox 464 3205 665 3283; x_wconf 84' lang='lat' dir='ltr'><strong>Ptolemaeum,</strong></span> <span class='ocrx_word' id='word_1_300' title='bbox 685 3211 733 3286; x_wconf 93' lang='lat' dir='ltr'><strong>qui</strong></span> <span class='ocrx_word' id='word_1_301' title='bbox 752 3212 896 3289; x_wconf 84' lang='lat' dir='ltr'><strong>aliquoties</strong></span> <span class='ocrx_word' id='word_1_302' title='bbox 915 3212 992 3268; x_wconf 90' lang='lat' dir='ltr'><strong>initio</strong></span> <span class='ocrx_word' id='word_1_303' title='bbox 1013 3211 1116 3267; x_wconf 87' lang='lat' dir='ltr'><strong>mensis</strong></span> <span class='ocrx_word' id='word_1_304' title='bbox 1135 3220 1165 3269; x_wconf 91' lang='lat' dir='ltr'><strong>et</strong></span> <span class='ocrx_word' id='word_1_305' title='bbox 1183 3228 1248 3289; x_wconf 89' lang='lat' dir='ltr'><strong>pro·</strong></span> 
     </span>
     <span class='ocr_line' id='line_1_33' title="bbox 145 3294 1211 3381; baseline 0.004 -28"><span class='ocrx_word' id='word_1_306' title='bbox 145 3297 234 3381; x_wconf 88' lang='lat' dir='ltr'><strong>pridie</strong></span> <span class='ocrx_word' id='word_1_307' title='bbox 252 3296 349 3355; x_wconf 90' lang='lat' dir='ltr'><strong>Nonas</strong></span> <span class='ocrx_word' id='word_1_308' title='bbox 367 3300 464 3375; x_wconf 73' lang='lat' dir='ltr'><strong>Mart,</strong></span> <span class='ocrx_word' id='word_1_309' title='bbox 484 3301 513 3359; x_wconf 92' lang='lat' dir='ltr'><strong>h.</strong></span> <span class='ocrx_word' id='word_1_310' title='bbox 533 3318 559 3358; x_wconf 93' lang='lat' dir='ltr'><strong>e.</strong></span> <span class='ocrx_word' id='word_1_311' title='bbox 581 3305 619 3358; x_wconf 92' lang='lat'><strong>10</strong></span> <span class='ocrx_word' id='word_1_312' title='bbox 637 3301 814 3362; x_wconf 88' lang='lat' dir='ltr'><strong>Phamenoth</strong></span> <span class='ocrx_word' id='word_1_313' title='bbox 832 3315 923 3363; x_wconf 89' lang='lat' dir='ltr'><strong>ortum</strong></span> <span class='ocrx_word' id='word_1_314' title='bbox 943 3294 1045 3360; x_wconf 89' lang='lat' dir='ltr'><strong>iudicat</strong></span> <span class='ocrx_word' id='word_1_315' title='bbox 1064 3303 1151 3380; x_wconf 83' lang='lat' dir='ltr'><strong>Equi.</strong></span> <span class='ocrx_word' id='word_1_316' title='bbox 1207 3352 1211 3357; x_wconf 92' lang='lat'><strong>.</strong></span> 
     </span>
    </p>

    <p class='ocr_par' dir='ltr' id='par_1_8' title="bbox 146 3387 1258 3844">
     <span class='ocr_line' id='line_1_34' title="bbox 222 3387 1248 3473; baseline 0.006 -27"><span class='ocrx_word' id='word_1_317' title='bbox 222 3389 310 3448; x_wconf 91' lang='lat' dir='ltr'><strong>Nonis</strong></span> <span class='ocrx_word' id='word_1_318' title='bbox 329 3391 436 3449; x_wconf 88' lang='lat' dir='ltr'><strong>Martiis</strong></span> <span class='ocrx_word' id='word_1_319' title='bbox 455 3394 537 3452; x_wconf 87' lang='lat' dir='ltr'><strong>etiam</strong></span> <span class='ocrx_word' id='word_1_320' title='bbox 557 3393 751 3471; x_wconf 88' lang='lat' dir='ltr'><strong>corrigendum</strong></span> <span class='ocrx_word' id='word_1_321' title='bbox 771 3405 813 3452; x_wconf 87' lang='lat' dir='ltr'><strong>est</strong></span> <span class='ocrx_word' id='word_1_322' title='bbox 832 3397 909 3473; x_wconf 90' lang='lat' dir='ltr'><strong>quod</strong></span> <span class='ocrx_word' id='word_1_323' title='bbox 929 3396 1042 3455; x_wconf 88' lang='lat' dir='ltr'><strong>Clodius</strong></span> <span class='ocrx_word' id='word_1_324' title='bbox 1061 3395 1163 3455; x_wconf 79' lang='lat' dir='ltr'><strong>irabet:</strong></span> <span class='ocrx_word' id='word_1_325' title='bbox 1182 3387 1248 3455; x_wconf 73' lang='lat' dir='ltr'><strong>trie-</strong></span> 
     </span>
     <span class='ocr_line' id='line_1_35' title="bbox 146 3475 1250 3569; baseline 0.002 -26"><span class='ocrx_word' id='word_1_326' title='bbox 146 3500 199 3543; x_wconf 85' lang='grc' dir='ltr'><strong>ται</strong></span> <span class='ocrx_word' id='word_1_327' title='bbox 219 3479 254 3541; x_wconf 76' lang='lat' dir='ltr'><strong>dd</strong></span> <span class='ocrx_word' id='word_1_328' title='bbox 272 3480 323 3541; x_wconf 76' lang='grc' dir='ltr'><strong>καὶ</strong></span> <span class='ocrx_word' id='word_1_329' title='bbox 343 3475 359 3539; x_wconf 82' lang='grc' dir='ltr'><em>ὃ</em></span> <span class='ocrx_word' id='word_1_330' title='bbox 380 3477 512 3563; x_wconf 61' lang='lat' dir='ltr'><strong>§ipanus</strong></span> <span class='ocrx_word' id='word_1_331' title='bbox 532 3477 665 3563; x_wconf 73' lang='grc' dir='ltr'><em>ὅρθροςι</em></span> <span class='ocrx_word' id='word_1_332' title='bbox 692 3488 811 3569; x_wconf 90' lang='lat' dir='ltr'><strong>primum</strong></span> <span class='ocrx_word' id='word_1_333' title='bbox 830 3492 896 3567; x_wconf 92' lang='lat' dir='ltr'><strong>quia</strong></span> <span class='ocrx_word' id='word_1_334' title='bbox 920 3491 1048 3568; x_wconf 85' lang='lat' dir='ltr'><strong>superior</strong></span> <span class='ocrx_word' id='word_1_335' title='bbox 1072 3499 1171 3546; x_wconf 86' lang='lat' dir='ltr'><strong>nostra</strong></span> <span class='ocrx_word' id='word_1_336' title='bbox 1188 3506 1250 3545; x_wconf 87' lang='lat' dir='ltr'><strong>cor·</strong></span> 
     </span>
     <span class='ocr_line' id='line_1_36' title="bbox 146 3570 1256 3662; baseline 0.001 -27"><span class='ocrx_word' id='word_1_337' title='bbox 146 3577 231 3635; x_wconf 86' lang='lat' dir='ltr'><strong>rectio</strong></span> <span class='ocrx_word' id='word_1_338' title='bbox 251 3576 279 3632; x_wconf 92' lang='lat' dir='ltr'><strong>in</strong></span> <span class='ocrx_word' id='word_1_339' title='bbox 299 3577 412 3635; x_wconf 86' lang='lat' dir='ltr'><strong>exordio</strong></span> <span class='ocrx_word' id='word_1_340' title='bbox 432 3579 554 3637; x_wconf 90' lang='lat' dir='ltr'><strong>eiusdem</strong></span> <span class='ocrx_word' id='word_1_341' title='bbox 572 3580 706 3639; x_wconf 85' lang='lat' dir='ltr'><strong>lemmatis</strong></span> <span class='ocrx_word' id='word_1_342' title='bbox 726 3581 753 3638; x_wconf 90' lang='lat' dir='ltr'><strong>id</strong></span> <span class='ocrx_word' id='word_1_343' title='bbox 774 3582 892 3660; x_wconf 84' lang='lat' dir='ltr'><strong>flagitat,</strong></span> <span class='ocrx_word' id='word_1_344' title='bbox 912 3585 967 3662; x_wconf 83' lang='lat' dir='ltr'><strong>legi</strong></span> <span class='ocrx_word' id='word_1_345' title='bbox 989 3578 1139 3661; x_wconf 74' lang='lat' dir='ltr'><strong>(liniretur</strong></span> <span class='ocrx_word' id='word_1_346' title='bbox 1159 3570 1256 3639; x_wconf 74' lang='lat' dir='ltr'><strong>‹iln-</strong></span> 
     </span>
     <span class='ocr_line' id='line_1_37' title="bbox 146 3660 1258 3759; baseline 0.004 -33"><span class='ocrx_word' id='word_1_347' title='bbox 146 3687 205 3739; x_wconf 81' lang='grc' dir='ltr'><strong>πος</strong></span> <span class='ocrx_word' id='word_1_348' title='bbox 224 3660 286 3727; x_wconf 81' lang='grc' dir='ltr'><strong>ἀπὸ</strong></span> <span class='ocrx_word' id='word_1_349' title='bbox 307 3669 396 3748; x_wconf 76' lang='lat' dir='ltr'><strong>sapori:</strong></span> <span class='ocrx_word' id='word_1_350' title='bbox 426 3666 567 3749; x_wconf 80' lang='grc' dir='ltr'><strong><em>φαίνεται</em></strong></span> <span class='ocrx_word' id='word_1_351' title='bbox 583 3669 618 3730; x_wconf 75' lang='lat' dir='ltr'><strong>dd</strong></span> <span class='ocrx_word' id='word_1_352' title='bbox 633 3670 684 3731; x_wconf 79' lang='lat' dir='ltr'><strong>aui</strong></span> <span class='ocrx_word' id='word_1_353' title='bbox 704 3665 719 3731; x_wconf 83' lang='grc' dir='ltr'><strong>ὃ</strong></span> <span class='ocrx_word' id='word_1_354' title='bbox 742 3670 874 3752; x_wconf 76' lang='grc' dir='ltr'><strong><em>ςέφανος</em></strong></span> <span class='ocrx_word' id='word_1_355' title='bbox 893 3667 1017 3759; x_wconf 72' lang='grc' dir='ltr'><em>ἑσπέρᾳ.</em></span> <span class='ocrx_word' id='word_1_356' title='bbox 1047 3674 1169 3751; x_wconf 91' lang='lat' dir='ltr'><strong>Deinde,</strong></span> <span class='ocrx_word' id='word_1_357' title='bbox 1188 3674 1258 3752; x_wconf 76' lang='lat' dir='ltr'><strong>quim</strong></span> 
     </span>
     <span class='ocr_line' id='line_1_38' title="bbox 147 3762 993 3844; baseline 0.004 -21"><span class='ocrx_word' id='word_1_358' title='bbox 147 3762 264 3839; x_wconf 76' lang='lat' dir='ltr'><strong>Ouidius</strong></span> <span class='ocrx_word' id='word_1_359' title='bbox 284 3763 323 3822; x_wconf 86' lang='lat' dir='ltr'><strong>ila</strong></span> <span class='ocrx_word' id='word_1_360' title='bbox 342 3763 452 3822; x_wconf 91' lang='lat' dir='ltr'><strong>demum</strong></span> <span class='ocrx_word' id='word_1_361' title='bbox 472 3774 549 3823; x_wconf 88' lang='lat' dir='ltr'><strong>recte</strong></span> <span class='ocrx_word' id='word_1_362' title='bbox 568 3777 633 3842; x_wconf 86' lang='lat' dir='ltr'><strong>post</strong></span> <span class='ocrx_word' id='word_1_363' title='bbox 652 3767 762 3844; x_wconf 89' lang='lat' dir='ltr'><strong>Equum</strong></span> <span class='ocrx_word' id='word_1_364' title='bbox 782 3768 850 3827; x_wconf 83' lang='lat' dir='ltr'><strong>dixit</strong></span> <span class='ocrx_word' id='word_1_365' title='bbox 869 3773 898 3842; x_wconf 81' lang='lat'><strong>3,</strong></span> <span class='ocrx_word' id='word_1_366' title='bbox 918 3770 993 3826; x_wconf 76' lang='lat'><strong>459:</strong></span> 
     </span>
    </p>

    <p class='ocr_par' dir='ltr' id='par_1_9' title="bbox 146 3860 1252 4223">
     <span class='ocr_line' id='line_1_39' title="bbox 361 3860 1032 3937; baseline 0.007 -21"><span class='ocrx_word' id='word_1_367' title='bbox 361 3861 495 3917; x_wconf 82' lang='lat' dir='ltr'><strong>Prolirrua</strong></span> <span class='ocrx_word' id='word_1_368' title='bbox 514 3860 631 3937; x_wconf 82' lang='lat' dir='ltr'><strong>aspicies</strong></span> <span class='ocrx_word' id='word_1_369' title='bbox 648 3864 768 3921; x_wconf 76' lang='lat' dir='ltr'><strong>amianti</strong></span> <span class='ocrx_word' id='word_1_370' title='bbox 786 3869 863 3920; x_wconf 82' lang='lat' dir='ltr'><strong>aoolc</strong></span> <span class='ocrx_word' id='word_1_371' title='bbox 884 3863 1032 3936; x_wconf 80' lang='lat' dir='ltr'><strong>Coronant,</strong></span> 
     </span>
     <span class='ocr_line' id='line_1_40' title="bbox 146 3948 1252 4035; baseline 0.001 -25"><span class='ocrx_word' id='word_1_372' title='bbox 146 3948 201 4010; x_wconf 87' lang='lat' dir='ltr'><strong>hoo</strong></span> <span class='ocrx_word' id='word_1_373' title='bbox 226 3959 268 4012; x_wconf 88' lang='lat' dir='ltr'><strong>est</strong></span> <span class='ocrx_word' id='word_1_374' title='bbox 293 3954 403 4028; x_wconf 89' lang='lat' dir='ltr'><strong>uesperi</strong></span> <span class='ocrx_word' id='word_1_375' title='bbox 427 3951 550 4011; x_wconf 87' lang='lat' dir='ltr'><strong>eiusdem</strong></span> <span class='ocrx_word' id='word_1_376' title='bbox 575 3952 640 4011; x_wconf 91' lang='lat' dir='ltr'><strong>diei.</strong></span> <span class='ocrx_word' id='word_1_377' title='bbox 677 3954 823 4013; x_wconf 87' lang='lat' dir='ltr'><strong>Postremo</strong></span> <span class='ocrx_word' id='word_1_378' title='bbox 842 3957 909 4033; x_wconf 86' lang='lat' dir='ltr'><strong>quia</strong></span> <span class='ocrx_word' id='word_1_379' title='bbox 926 3956 1105 4014; x_wconf 88' lang='lat' dir='ltr'><strong>Ptolemaeus</strong></span> <span class='ocrx_word' id='word_1_380' title='bbox 1124 3975 1156 4035; x_wconf 94' lang='lat' dir='ltr'><strong>p.</strong></span> <span class='ocrx_word' id='word_1_381' title='bbox 1169 3952 1252 4015; x_wconf 74' lang='grc'><strong>821)</strong></span> 
     </span>
     <span class='ocr_line' id='line_1_41' title="bbox 146 4041 1245 4127; baseline 0.001 -25"><span class='ocrx_word' id='word_1_382' title='bbox 146 4043 230 4103; x_wconf 87' lang='lat' dir='ltr'><strong>biduo</strong></span> <span class='ocrx_word' id='word_1_383' title='bbox 251 4054 332 4114; x_wconf 87' lang='lat' dir='ltr'><strong>ante,</strong></span> <span class='ocrx_word' id='word_1_384' title='bbox 356 4041 406 4102; x_wconf 90' lang='lat' dir='ltr'><strong>sed</strong></span> <span class='ocrx_word' id='word_1_385' title='bbox 423 4045 558 4104; x_wconf 89' lang='lat' dir='ltr'><strong>Geminus</strong></span> <span class='ocrx_word' id='word_1_386' title='bbox 577 4065 607 4125; x_wconf 88' lang='lat' dir='ltr'><strong>p.</strong></span> <span class='ocrx_word' id='word_1_387' title='bbox 622 4049 660 4105; x_wconf 87' lang='lat'><strong>68</strong></span> <span class='ocrx_word' id='word_1_388' title='bbox 676 4048 702 4106; x_wconf 86' lang='lat' dir='ltr'>E</span> <span class='ocrx_word' id='word_1_389' title='bbox 723 4048 788 4126; x_wconf 89' lang='lat' dir='ltr'><strong>ipsis</strong></span> <span class='ocrx_word' id='word_1_390' title='bbox 807 4048 896 4106; x_wconf 90' lang='lat' dir='ltr'><strong>Nonis</strong></span> <span class='ocrx_word' id='word_1_391' title='bbox 915 4048 1034 4124; x_wconf 86' lang='lat' dir='ltr'><strong>Martiis,</strong></span> <span class='ocrx_word' id='word_1_392' title='bbox 1052 4047 1099 4107; x_wconf 89' lang='lat' dir='ltr'><strong>dio</strong></span> <span class='ocrx_word' id='word_1_393' title='bbox 1120 4049 1245 4127; x_wconf 78' lang='lat' dir='ltr'><strong>trigesimo</strong></span> 
     </span>
     <span class='ocr_line' id='line_1_42' title="bbox 146 4138 1245 4223; baseline 0.005 -27"><span class='ocrx_word' id='word_1_394' title='bbox 146 4138 236 4219; x_wconf 90' lang='lat' dir='ltr'><strong>primo</strong></span> <span class='ocrx_word' id='word_1_395' title='bbox 257 4139 293 4196; x_wconf 90' lang='lat' dir='ltr'><strong>ab</strong></span> <span class='ocrx_word' id='word_1_396' title='bbox 312 4139 438 4215; x_wconf 84' lang='lat' dir='ltr'><strong>ingressu</strong></span> <span class='ocrx_word' id='word_1_397' title='bbox 455 4138 521 4198; x_wconf 89' lang='lat' dir='ltr'><strong>solis</strong></span> <span class='ocrx_word' id='word_1_398' title='bbox 539 4140 568 4199; x_wconf 91' lang='lat' dir='ltr'><strong>iu</strong></span> <span class='ocrx_word' id='word_1_399' title='bbox 581 4140 687 4218; x_wconf 86' lang='lat' dir='ltr'><strong>Pisces,</strong></span> <span class='ocrx_word' id='word_1_400' title='bbox 706 4142 754 4223; x_wconf 89' lang='lat' dir='ltr'><strong>qui</strong></span> <span class='ocrx_word' id='word_1_401' title='bbox 765 4141 917 4204; x_wconf 86' lang='lat' dir='ltr'><strong>secundum</strong></span> <span class='ocrx_word' id='word_1_402' title='bbox 930 4140 1064 4203; x_wconf 89' lang='lat' dir='ltr'><strong>Ouidium</strong></span> <span class='ocrx_word' id='word_1_403' title='bbox 1079 4150 1111 4203; x_wconf 80' lang='lat' dir='ltr'><strong>et</strong></span> <span class='ocrx_word' id='word_1_404' title='bbox 1123 4141 1245 4203; x_wconf 83' lang='lat' dir='ltr'><strong>Clodium</strong></span> 
     </span>
    </p>
   </div>
   <div class='ocr_carea' id='block_1_5' title="bbox 0 0 1291 4574">
    <p class='ocr_par' dir='ltr' id='par_1_10' title="bbox 0 0 1291 4574">
     <span class='ocr_line' id='line_1_43' title="bbox 0 0 1291 4574; baseline 0 0"><span class='ocrx_word' id='word_1_405' title='bbox 0 0 1291 4574; x_wconf 95' lang='lat' dir='ltr'><strong> </strong></span> 
     </span>
    </p>
   </div>
  </div>
 </body>
</html>
