2550 4574
541 262 692 325 tocsano
1028 274 1030 279 ’
1089 269 1170 327 0011

66 413 145 475 lanto
163 414 231 475 siue·
242 412 382 475 Pallantia
398 413 493 475 Latini
511 424 602 476 mater
619 423 670 476 aut
687 434 758 475 uxor
776 415 850 478 dicta
868 425 922 496 est,
941 378 1033 481 Varro
1049 419 1088 484 da
1104 423 1126 487 l.
1144 426 1167 488 1.

65 508 93 580 5,
112 509 166 583 53,
186 508 270 568 Seru.
289 510 360 569 Aen.
379 512 410 586 8,
428 509 479 585 51,
498 497 579 568 Paul.
597 511 677 569 Dian.
697 529 727 589 p.
737 516 806 588 220,
817 513 847 571 6.
887 511 995 571 Rursus
1012 512 1094 575 Pales
1111 515 1168 580 des

65 602 189 661 refertur
205 602 244 661 ad
263 603 400 678 Vestam,
426 602 484 661 uid.
503 602 586 661 Seru.
604 602 642 667 ir.
661 607 697 681 4,
724 615 754 665 61
777 623 887 665 morum
910 607 968 666 eius
986 604 1122 669 Parilibus
1146 627 1169 694 ⁸.
1213 622 1216 633 ·

64 696 152 754 Vesta
172 693 296 773 pendet,
322 693 379 755 On.
399 696 430 770 4,
445 699 501 754 731
517 715 578 775 sq.r
605 696 688 757 Pales
713 697 766 758 dea
790 698 889 759 eadem
907 700 1081 759 substituitur
1098 702 1166 763 Pal·

65 789 132 847 lanti
158 788 260 847 Palatii
286 781 434 864 ἐπωνύμῳ
460 788 536 868 apud
561 790 686 851 Solinum
710 797 742 867 2,
762 797 791 866 §.
806 797 843 851 31
864 792 909 852 ed.
930 793 1017 853 Goth.
1057 793 1166 857 verso

65 882 147 941 Ennii
175 881 253 960 apud
272 883 434 952 Varronem
452 881 488 940 de
507 883 527 941 1.
546 883 566 943 1.
584 886 616 959 7,
635 888 688 944 ars
718 888 836 963 Gorpora
856 889 1007 947 Tmtorino
1024 898 1166 967 61066616

65 975 178 1034 Paluda
190 978 289 1050 016696
302 975 399 1033 audaci
415 976 538 1034 sollertia
557 995 674 1053 graecae
686 978 799 1037 fabulae
817 980 919 1039 auxilio
939 982 1090 1059 patriorum
1106 982 1164 1044 dis·

66 1068 188 1127 cordiam
207 1067 244 1127 de
257 1068 383 1127 Palladio
403 1078 452 1128 aut
470 1056 599 1130 Pallante
617 1089 679 1129 cum
698 1072 849 1132 Penatibus
868 1074 1015 1134 coniuncto
1034 1077 1165 1137 06661116-

68 1162 136 1221 uisse
155 1161 278 1249 uidetur.
317 1162 375 1219 Fac
393 1163 476 1239 igitur
494 1162 632 1223 Parilibus
656 1184 712 1224 non
731 1165 844 1224 Vestam
866 1167 968 1239 cultam
986 1168 1088 1247 fuisso,
1111 1169 1164 1231 rod

65 1254 206 1332 Penates,
227 1256 276 1334 qui
291 1256 416 1332 proxime
434 1258 610 1334 pertinebant
629 1257 665 1316 ad
685 1260 805 1317 Romam
828 1258 994 1336 quadratam
1012 1264 1086 1322 circa
1106 1263 1164 1324 Pa·

65 1350 175 1421 latium,
202 1350 231 1408 id
256 1367 365 1408 sacrum
383 1349 517 1409 Palatuar
542 1349 647 1410 dictum
670 1351 755 1410 fuisse
780 1369 885 1429 negare
908 1351 1039 1413 uidentur
1061 1357 1163 1419 Festus

64 1463 93 1521 p.
105 1447 177 1519 348,
190 1446 230 1502 26
242 1436 318 1502 dexi.
339 1453 368 1503 ot
386 1443 483 1504 Muell.
503 1445 595 1525 suppl.
615 1463 681 1505 ann.
700 1465 730 1525 p.
745 1447 818 1521 896,
844 1453 874 1504 61
891 1445 1059 1509 lustrationis
1080 1450 1162 1528 ritus,
1217 1490 1220 1505 .

64 1538 100 1595 de
118 1555 177 1615 quo
194 1555 280 1615 sopra
298 1556 328 1615 p.
340 1555 453 1596 orxxx
471 1537 545 1612 dixi,
570 1537 711 1598 difficilem
731 1538 897 1616 explicatum
916 1539 1020 1600 babere
1039 1542 1164 1604 uidetur.
1198 1584 1200 1589 η

62 1631 172 1691 Verum
188 1630 250 1688 lieri
268 1631 370 1709 potuit,
388 1641 422 1689 ut
441 1632 557 1690 numinis
576 1631 691 1707 diuersi,
710 1630 836 1691 fortassis
853 1631 926 1691 adeo
945 1633 1054 1712 Sabini,
1073 1634 1163 1698 feriae
1184 1657 1190 1665 ·

62 1733 182 1803 propter
204 1725 321 1791 nominis
348 1723 549 1782 similitudinem
575 1724 605 1782 iu
630 1725 764 1784 fastorum
790 1726 881 1804 prima
903 1725 1077 1788 ordinatione
1095 1748 1165 1791 con·
1199 1744 1211 1766 ⁶

62 1818 246 1894 iungerentur
263 1830 327 1875 cum
346 1818 432 1876 natali
454 1818 544 1876 urbis:
571 1817 803 1898 quemadmodum
821 1818 882 1879 iere
900 1819 1021 1880 Romulo
1040 1822 1188 1893 numinis·

62 1909 162 1968 Sabini
180 1910 232 1968 sub
253 1911 440 1988 appellatione
459 1922 619 1973 consecrato
637 1931 774 1991 nusquam
793 1933 928 1994 unquam,
947 1915 999 1974 nisi
1017 1915 1046 1973 in
1066 1914 1163 1985 Quiri·

62 2004 121 2061 nali
139 2011 236 2061 monte
255 2004 359 2080 templa
381 2003 457 2065 facta
475 2014 560 2067 sont·
588 2006 648 2064 Eae
667 2006 751 2082 igitur
767 2006 855 2067 feriae
872 2008 947 2067 Palis
966 2007 1054 2081 deae,
1076 2025 1163 2085 quam

62 2096 149 2155 deam
167 2095 240 2156 odeo
258 2096 403 2155 obscuram
421 2097 518 2175 fuisse,
537 2108 622 2178 atque
634 2097 785 2158 Muellerus
799 2100 861 2160 Etr.
874 2106 905 2178 2,
920 2103 998 2179 poa
1013 2099 1163 2176 existimat,

63 2191 113 2247 uix
131 2190 304 2268 putauerim,
323 2209 490 2268 quamquam
511 2192 667 2268 antiquiora
685 2192 802 2266 Virgilio
820 2193 873 2251 ecl.
893 2193 925 2269 5,
943 2192 993 2268 35,
1011 2209 1057 2269 ge.
1077 2195 1106 2263 3,
1125 2197 1163 2268 13

61 2284 446 2358 29461Τ1161101,1,36;
467 2290 497 2354 2,
507 2284 538 2359 5,
552 2288 602 2359 28,
621 2303 691 2363 quos
711 2284 830 2343 Ouidius
848 2286 984 2362 sequitur,
1004 2284 1162 2346 testimonia
1259 2278 1261 2289 '

62 2377 141 2434 nulla
160 2377 238 2450 noui,
256 2377 279 2434 si
298 2378 375 2456 quasi
394 2387 593 2455 oppresserunt
611 2395 690 2435 sacra
703 2375 779 2434 Palis
798 2377 854 2452 dei,
873 2379 964 2456 potuit
983 2387 1059 2439 certo
1071 2378 1163 2438 Varro

60 2469 84 2526 si
108 2468 300 2547 antiquissima
323 2470 480 2549 indagauit,
507 2471 658 2529 nouissima
680 2468 880 2547 deprehendit,
908 2472 1000 2530 media
1024 2471 1165 2554 ignorauit

61 2563 111 2634 (ac
128 2561 167 2620 de
190 2561 326 2622 fastorum
345 2564 443 2624 ordine
467 2565 640 2622 coniecturas
664 2573 772 2622 tantum
798 2582 862 2622 eum
885 2562 984 2624 secisse
1000 2582 1093 2645 sopra
1111 2564 1163 2626 da·

62 2656 438 2735 monstrauip.1.xxr111),
457 2676 560 2716 nomen
578 2659 713 2715 incertum
732 2656 837 2715 babere
856 2666 885 2716 61
903 2657 941 2717 de
959 2657 1087 2735 diuerso,
1104 2676 1163 2738 quo

63 2749 128 2806 olim
146 2748 233 2808 fuisse
251 2750 394 2828 uideatur,
416 2771 484 2811 sexu
504 2751 658 2829 disputare.
697 2751 759 2809 Alio
780 2749 865 2809 modo
884 2751 1096 2829 rem'expedire
1113 2771 1164 2811 co·

62 2854 148 2900 natur
164 2844 352 2921 Goettlingius
377 2846 421 2902 uir
446 2844 675 2921 ingeniosissimus
699 2843 736 2903 de
762 2862 823 2923 rep.
845 2845 901 2902 Ro.
921 2863 951 2922 p.
965 2846 1031 2919 168,
1053 2841 1164 2920 illeiis

63 2937 237 2995 Graecorum
257 2937 294 2996 ad
312 2948 408 3016 partes
422 2957 544 3012 uocans,
570 2937 628 2995 uid.
644 2937 786 3016 Aristoph.
804 2937 923 2995 Acbarn.
944 2941 999 2994 251
1018 2947 1048 2996 61
1064 2935 1164 2997 scholi.

61 3029 127 3087 Non
146 3031 213 3088 satis
231 3031 346 3109 dispicio
366 3033 437 3089 sacri
457 3031 675 3090 similitudinem:
704 3041 732 3088 et
753 3039 845 3089 tamen
865 3050 929 3089 mea
949 3029 1111 3105 intersonat,
1130 3037 1164 3088 ut

61 3139 252 3198 agnoscerem.
295 3125 426 3202 Namque
449 3124 524 3202 apud
549 3123 681 3182 Ouidium
711 3143 773 3182 cum
799 3127 830 3199 4,
851 3125 910 3181 746
934 3122 1046 3181 ederem
1063 3121 1163 3198 Palen,

61 3214 146 3273 libros
163 3216 320 3292 sequendos
340 3237 400 3276 esse
425 3217 632 3291 existimabam,
655 3235 708 3276 neo
732 3235 808 3276 eram
832 3216 940 3274 nescius
965 3214 1160 3292 disputationis

61 3306 258 3369 llosclrlsianae
276 3311 314 3369 ad
332 3312 440 3370 Tibull.
460 3330 491 3388 p.
502 3315 551 3369 23.
590 3309 674 3367 Nunc
700 3312 729 3368 in
748 3309 867 3384 161116,
897 3310 944 3367 ubi
966 3308 1003 3368 de
1028 3307 1110 3366 unius
1127 3306 1162 3367 li·

61 3400 161 3459 neniae
181 3403 220 3476 ui,
240 3412 271 3462 ut
289 3412 370 3481 puto,
389 3406 492 3481 agitur,
515 3403 619 3462 nollem
637 3403 737 3460 rationi
756 3403 913 3461 obluctatus
931 3419 1001 3462 esso.
1262 3398 1264 3403 ’

141 3494 211 3552 item
229 3497 288 3554 sola
308 3505 431 3555 uetustas
450 3498 585 3555 incertum
604 3495 687 3554 deum
707 3493 858 3554 reddidisse
869 3494 986 3554 uidetur
1004 3493 1164 3568 Sancum,
1211 3531 1216 3536 -

60 3586 173 3666 dequo
193 3590 281 3647 multo
301 3589 409 3647 doctior
432 3590 485 3648 suit
504 3590 657 3664 dubitatio,
681 3606 765 3666 quam
785 3606 857 3665 quae
876 3595 1108 3648 commemoratur
1126 3587 1163 3645 ab

61 3679 166 3739 Ouidio
186 3684 215 3756 6,
234 3688 291 3740 213
305 3702 348 3760 sq.
386 3683 428 3740 lbi
446 3683 523 3760 quod
541 3683 617 3741 Fidii
636 3700 739 3741 nomen
756 3699 775 3739 a
793 3681 902 3740 Sabinis
922 3683 1031 3740 uenisse
1049 3680 1163 3756 dicitur,

60 3792 115 3832 non
137 3775 221 3833 ualde
240 3786 282 3834 est
301 3776 447 3835 credibile:
467 3778 568 3833 abusus
588 3792 622 3832 66
638 3775 827 3852 appellatione
845 3775 909 3833 olim
925 3775 1017 3832 Aelius
1030 3772 1112 3842 Stilo,
1132 3779 1164 3830 ut
1236 3837 1241 3843 .

59 3870 136 3926 Dior
153 3868 253 3927 Fidius
275 3879 348 3928 esset
371 3873 472 3928 Diouis
496 3866 584 3942 61166,
610 3867 669 3927 uid.
689 3868 775 3926 Varr.
792 3865 828 3925 de
849 3865 869 3925 l.
888 3866 909 3924 1.
927 3866 957 3937 5,
977 3867 1031 3941 66,
1061 3864 1164 3923 Graeci
1205 3924 1209 3933 s

60 3954 174 4029 mass
191 3961 324 4037 reddunt,
343 3962 460 4038 Dionys.
471 3961 534 4020 Hal.
546 3965 578 4035 2,
588 3963 637 4019 49.
666 3962 793 4027 demonia
811 3976 912 4018 nomen
929 3958 953 4014 si
968 3956 1064 4017 diuum
1081 3957 1165 4036 sigui-

61 4052 138 4128 ficat,
156 4065 241 4133 prout
255 4054 350 4114 docuit
367 4057 526 4131 Hartongus
542 4059 572 4127 l,
586 4072 616 4130 p.
626 4055 677 4127 42,
694 4052 863 4112 Sabinorum
882 4070 938 4110 uox
956 4067 1024 4128 ergo
1041 4067 1103 4125 esse
1121 4050 1165 4107 ui·

61 4144 153 4210 detor.
184 4151 260 4208 Dius
271 4166 385 4229 quoqne
398 4149 446 4208 uir
460 4144 536 4208 aiod
554 4156 598 4208 est
615 4163 650 4207 ac
667 4144 762 4224 (11661,
779 4143 845 4204 uide
862 4142 1004 4220 ingentem
1022 4141 1165 4222 exemplo·
1229 4164 1232 4171 ·

98 4236 339 4320 0616611666
827 4237 831 4247 “
889 4234 919 4297 0
1221 4252 1240 4281 ⁸⁴
