2550 4574
135 278 256 325 ccxlvi
533 269 691 319 VARRONIS
713 271 826 319 RERVM

133 427 235 490 dente
253 433 297 489 ert
313 423 391 504 quoti
408 425 439 484 in
454 425 583 484 omnibus
601 440 691 504 propr
714 423 775 483 deis
796 422 920 483 selectim
947 419 1078 502 quicquid
1096 421 1238 502 pristino·

126 508 196 580 'rum
214 520 381 579 minutorum
399 519 514 578 deorum
536 519 644 597 potnit,
667 517 814 576 conflatum
838 526 881 576 est
903 535 967 575 curn
991 517 1152 594 illustriori,
1176 519 1236 577 alia

133 612 235 677 dantia
251 604 423 689 'cognomina
450 614 530 671 nouis
557 598 787 671 dedicationibus¹
800 619 865 669 sunt
891 612 1060 689 excogitata.
1103 610 1237 670 Murciae

134 715 273 771 natustmn
291 690 406 781 sanum,
425 703 463 763 eo
480 723 536 783 quo
556 704 621 764 nicio
637 722 723 783 supra
741 722 959 783 p.cnxxxvr1‚
979 705 1112 764 Clausen.
1132 707 1238 781 tam

134 812 201 861 aaa.
213 801 300 874 1343,
316 796 421 858 timum
440 807 484 857 est
496 798 611 858 Veneria
625 796 767 875 Marmara
787 797 929 874 Cloacina,
949 797 1006 856 uid.
1024 815 1109 875 supra
1125 797 1147 855 l.
1158 797 1239 873 inm,

133 891 231 951 Venus
249 892 394 967 Cloacma,
415 892 511 952 Claus.
530 911 559 971 p.
571 893 712 950 tatiana.
726 892 816 949 tetta
837 891 902 950 diua
920 891 1059 966 Libentia,
1078 891 1188 950 Arnolsa
1204 893 1240 966 4,

134 986 166 1058 0,
184 985 280 1044 Venus
297 985 456 1062 libertina,
475 986 566 1044 Varro
584 984 621 1043 de
637 984 660 1042 l.
678 985 698 1043 1.
714 986 749 1059 0,
762 987 812 1061 47,
831 983 915 1042 Seru.
935 986 1005 1043 Aen.
1024 986 1138 1060 1,·120,
1157 1002 1238 1062 quae

135 1076 238 1138 deinde
261 1079 378 1138 confusa
402 1088 445 1139 est
463 1078 685 1154 curn-Libitina,
710 1078 817 1155 magis,
842 1087 874 1135 ut
897 1088 984 1155 puto,
1009 1096 1028 1136 a
1051 1076 1142 1136 doctis
1164 1079 1237 1136 uiris

134 1183 252 1250 psopter
267 1190 315 1247 en,
333 1191 406 1250 quae
422 1173 602 1252 proferuntur
613 1189 631 1230 a
643 1171 791 1229 Clausenio
808 1173 917 1248 Μθθ,
930 1174 988 1230 002
1008 1171 1139 1244 (mirifice
1155 1173 1236 1231 enirn

37 1246 42 1265 '
136 1282 210 1342 qnae
227 1264 265 1323 de
282 1259 424 1348 Κυθήρᾳ
441 1258 652 1348 Πασιφαίσσᾳ
670 1271 700 1323 et
721 1254 952 1345 Φερσεφαάσσᾳ
975 1273 1147 1323 annotantur
1163 1284 1236 1324 eon·

54 1398 63 1409 .
135 1357 254 1416 ueniunt
267 1376 339 1416 'cum
364 1377 399 1417 eo
425 1359 501 1438 quod
527 1368 568 1417 est
588 1356 663 1436 apud
684 1355 839 1418 Varronem
859 1356 895 1415 de
914 1357 934 1416 1.
954 1358 975 1415 l.
994 1355 1030 1415 de
1049 1356 1143 1416 Diana
1160 1356 1234 1416 Pro-

135 1449 277 1526 serpina),
299 1470 383 1530 quern
406 1471 425 1510 a
449 1451 563 1530 populo·
580 1459 696 1530 propter
720 1453 841 1528 argutias
863 1449 924 1508 illae
941 1469 971 1528 p.
983 1451 1051 1510 752.
1090 1450 1235 1509 Veneram

31 1581 33 1585 .
136 1538 344 1621 Obsequentem
362 1545 442 1605 Fabii
460 1546 585 1622 Gurgitis
603 1545 718 1602 Seruius
735 1543 773 1601 ad
792 1545 862 1601 Aen.
882 1548 912 1617 1,
925 1546 984 1601 720
1002 1543 1093 1620 priua
1118 1544 1234 1603 nornine

136 1632 229 1703 diuam
251 1636 413 1698 Postantam
436 1648 625 1716 nuncupatam
649 1637 760 1696 tradere
785 1637 910 1696 uideturt
939 1634 1106 1694 Plutarchus
1131 1638 1234 1715 aaran.

136 1732 212 1787 citi
230 1723 398 1809 νικηφόρον
409 1722 595 1809 Ἀφροδίτην
618 1731 753 1810 appellat.
791 1731 953 1805 cognomen
977 1728 1095 1807 poetlnac
1119 1730 1236 1808 imposi-

136 1829 197 1881 tum
214 1821 270 1881 fuit
286 1823 493 1901 Verticord‘ne,
507 1823 556 1883 tia
580 1843 636 1903 quo
650 1840 740 1901 cupra
758 1841 789 1900 p.
801 1839 946 1881 uxxxvu
964 1820 1043 1881 dictis
1061 1816 1234 1883 adde'testi·

137 1916 259 1975 monium
278 1916 369 1976 Seruii
387 1920 456 1977 Aen.
475 1918 592 1992 &6362
619 1915 671 1976 olii
695 1914 768 1993 osori
788 1914 891 1988 faram
911 1917 1024 1974 Verteris
1043 1916 1236 1977 verteremur

137 2007 293 2084 miscuit,
316 2008 906 2090 aequamuramrttrsrerrm
928 2007 1237 2071 mammaea·

136 2106 281 2167 Maera
297 2103 476 2182 affluam.
487 2112 497 2149 -'
515 2104 672 2163 Clariuima
689 2102 803 2161 inerunt
818 2101 943 2161 Victricis
961 2111 993 2161 at
1010 2102 1177 2180 Genetric‘n,
1196 2104 1236 2164 de

136 2198 237 2274 quibua
260 2197 325 2257 uide
343 2199 473 2258 Glaucen.
493 2217 524 2276 p.
535 2201 601 2256 731.
640 2196 794 2274 luemque
813 2196 918 2254 &esar
941 2195 1060 2255 dictator
1079 2196 1234 2258 dedicauit.

135 2287 261 2348 Priario
281 2291 368 2348 numia
388 2291 519 2351 luliarum
540 2290 643 2349 saeculi
665 2289 774 2368 septimi
797 2288 1031 2368 deprehenditur,
1055 2287 1111 2347 ote.
1130 2288 1233 2350 Ciaus.

136 2385 244 2461 13731,
255 2387 346 2442 lotae
370 2385 481 2462 publica
498 2384 687 2443 consecratam
707 2383 772 2441 olim
790 2380 875 2441 iuisoe
894 2400 985 2460 neque
1003 2380 1133 2442 turona
1151 2381 1235 2442 locua

136 2474 174 2531 de
192 2473 212 2532 l.
230 2475 251 2533 l.
269 2477 300 2550 5,
315 2479 354 2534 02
378 2494 413 2534 ex
437 2476 598 2551 comoedia,
623 2476 705 2535 cuius
724 2474 845 2534 sonasse
867 2476 964 2535 sabula
988 2484 1053 2536 acta
1077 2482 1123 2533 eat
1140 2475 1236 2552 Argis,

35 2594 39 2605 s
136 2565 221 2626 Paua.
241 2572 272 2642 2,
285 2571 332 2644 10,
343 2571 373 2644 6,
393 2587 486 2646 neque
509 2568 649 2627 Plutarchi
672 2587 757 2646 aupra
780 2568 914 2626 indicatur
938 2570 1052 2628 euinut.
1088 2566 1236 2641 Posterio-

137 2676 196 2719 rem
214 2679 326 2738 quoque
349 2660 463 2720 inerunt
481 2662 530 2739 qni
554 2668 735 2740 praepostere
752 2659 879 2719 iacerent
903 2661 1113 2721 uetustissimam
1131 2679 1235 2721 secum

135 2752 202 2810 dum
221 2753 297 2812 Festi
321 2773 353 2831 p.
367 2759 436 2832 238,
454 2758 492 2813 10
509 2754 562 2816 ain.
582 2752 720 2831 reliquiae
765 2753 855 2813 Huius
880 2774 936 2815 non
961 2755 1157 2815 Lucretianam
1183 2764 1235 2815 eut

135 2846 297 2905 Verriauarn
315 2847 401 2909 tane
419 2848 522 2911 Praen.
536 2847 682 2925 principio,
700 2845 750 2904 sed
768 2864 831 2906 earn
848 2848 1102 2926 interpretationem
1121 2858 1234 2909 secutus

134 2938 246 2998 uidetur
264 2938 382 3000 Ouidiue
401 2948 431 3016 3,
444 2943 493 3015 05,
514 2959 587 3019 quae
613 2940 753 3001 inuenitur
776 2941 806 3001 iu
831 2942 912 3001 titulo
932 2940 1076 3011 Orelliano
1096 2960 1126 3001 n.
1142 2946 1233 3004 taeta

133 3032 563 3116 eniteat-metiamtur.
571 3030 783 3108 MATRIQVE.
791 3034 911 3108 DEVM,
924 3035 947 3092 si
960 3034 1043 3093 modo
1057 3045 1169 3094 uetusta
1179 3047 1233 3098 est.

211 3127 347 3187 Vastan
369 3146 448 3186 nacta
467 3129 537 3187 Alba
559 3127 675 3199 oriunda
693 3128 762 3188 dixit
779 3128 875 3186 Liuius
895 3134 925 3203 1,
942 3131 992 3203 20,
1018 3147 1036 3187 a
1054 3129 1165 3188 Sabinis
1184 3148 1234 3189 ac·

134 3229 217 3299 cepta
236 3220 326 3279 Varro
345 3220 382 3280 da
401 3221 420 3280 l.
437 3222 565 3298 1.3,Ί4;
584 3221 702 3281 Ouidius
719 3232 748 3280 et
766 3222 814 3300 qui
832 3241 917 3301 supra
935 3242 966 3306 p.
983 3240 1014 3283 ct
1034 3222 1145 3282 indicati
1165 3233 1234 3282 sunt

133 3332 153 3373 a
171 3314 264 3371 Numa
283 3331 349 3390 rege
368 3332 431 3377 eum
454 3315 483 3373 iu
507 3315 631 3388 ordinem
651 3316 815 3387 constituta,
839 3316 887 3394 qui
912 3316 948 3373 ad
967 3315 1095 3377 Caoearis
1114 3317 1233 3396 Augusti

132 3406 324 3484 pontificatum
343 3408 490 3467 maximum
509 3409 618 3485 integer
635 3410 752 3469 ruansitr
780 3418 847 3468 tune
867 3409 933 3486 quid
953 3417 1088 3467 mutatum
1108 3410 1157 3482 rit,
1175 3408 1232 3467 do-

133 3507 179 3558 cet
198 3498 315 3559 Ouidius
328 3501 428 3572 Ι0000
440 3519 495 3578 ιφ,
515 3503 676 3578 praesertim
695 3503 719 3559 si
738 3501 897 3560 conseratur
914 3520 976 3559 cum
996 3496 1132 3560 fastorum
1142 3497 1237 3561 Prae·v

132 3591 303 3650 omanorum
327 3592 456 3651 lemmate
478 3593 529 3655 1111
547 3594 595 3655 ΚΡ
616 3594 683 3653 Mai.
708 3605 737 3652 et
763 3582 890 3672 Fogginii
912 3596 1059 3655 annotatis.
1101 3595 1232 3655 Numinis

132 3684 270 3744 sanctitati
288 3691 318 3742 et
336 3685 415 3762 qnasi
433 3685 610 3764 descriptioni
628 3686 762 3764 accedere
780 3687 848 3748 nibil
869 3691 960 3766 potuit
982 3707 1000 3746 a
1018 3688 1168 3747 simulacro
1187 3688 1233 3747 ai·

131 3776 325 3853 fabrefacto,
349 3779 509 3855 praesentim
533 3797 596 3836 curn
616 3798 705 3857 penus
724 3781 854 3854 interior,
878 3782 954 3842 Fert.
974 3801 1003 3859 p.
1019 3782 1088 3855 250,
1107 3784 1147 3839 34
1167 3783 1232 3856 siu,

132 3870 198 3929 uiris
216 3870 334 3944 occludi,
354 3870 481 3932 Lactant.
499 3876 531 3947 3,
544 3877 594 3948 20,
613 3874 746 3934 matronis
764 3892 821 3932 non
840 3875 890 3935 nisi
911 3876 1017 3954 aliquot
1033 3875 1109 3934 circa
1128 3874 1232 3934 Vesta-
1251 3940 1254 3945 ,

130 3964 167 4022 lia
186 3963 283 4022 diebos
301 3974 399 4040 patere
411 3965 525 4040 coleret,
545 3965 602 4027 0u.
616 3968 647 4042 6,
660 3968 727 4041 391,
747 3967 823 4029 Fert.
839 3968 929 4032 liud.
958 3970 1057 4047 ltaque
1074 3968 1151 4029 inter
1165 3986 1232 4027 eru-

129 4055 190 4113 dita
216 4066 245 4114 et
268 4058 429 4133 graecanica
450 4058 580 4135 figmenta
603 4060 664 4138 ipsa
690 4062 783 4138 imago
803 4060 875 4120 deae
897 4061 1045 4121 reserenda
1070 4070 1132 4139 eat,
1156 4078 1232 4140 quaa

129 4160 362 4213 commemoratur
381 4171 398 4216 a
418 4152 553 4215 Cicerone
571 4154 608 4212 de
626 4165 685 4214 nat
706 4153 783 4215 deor.
802 4159 832 4233 3,
843 4160 892 4232 32,
913 4160 942 4234 §.
955 4160 1012 4251 30,
1025 4155 1129 4217 Ouidio
1147 4155 1229 4233 3,43
