2550 4574
311 224 316 235 Ι
425 257 470 313 nn
491 263 584 312 nocta
605 261 785 327 thlillofflfl
1075 260 1153 314 cnm

53 420 198 499 regionem
218 417 389 478 undecimam
401 423 543 477 annuns
557 414 668 475 uidetur
682 412 769 473 labus
786 412 880 475 illeP.
893 415 1001 492 Victor,
1017 417 1155 496 nec‘opot

54 511 199 572 habuisset
215 512 331 571 alteram
345 510 494 570 liatutee'
486 529 514 568 ιιι
528 508 626 569 eadem
640 507 738 569 aedem
752 507 927 568 comminisci.
965 509 1083 571 Sdmnls
1100 509 1154 571 dea
1211 569 1213 574 .

55 614 290 665 commemoratur
307 602 459 662 mnndum
477 604 632 663 Varronem
651 602 688 660 ab
706 602 860 679 Augustino
878 602 915 661 de
934 621 960 662 c.
978 601 1009 662 d.
1027 605 1106 685 4,11
1125 615 1157 664 et

58 702 113 774 16,
136 700 216 756 locus
234 698 271 756 ab
289 715 324 757 ea
342 714 490 775 nosquam,
509 695 560 754 nisi
578 712 597 754 a
615 694 703 754 schol.
723 695 819 756 lunen.
838 700 900 771 2,3
918 693 1074 755 mundum
1082 694 1157 756 Oui-

58 790 149 867 dium,
169 788 299 869 utputo,
318 791 485 869 appellatur.

138 885 183 944 De
201 894 309 963 porta
327 884 565 958 Fenestella,
583 883 613 959 6,
629 884 702 960 578,
721 885 799 944 uaria
817 883 931 943 inerunt
949 845 1120 943 doctorum
1110 902 1158 943 m·

59 979 147 1039 dds}
138 997 266 1058 ·parnm
279 978 426 1056 perspicuo
444 977 550 1037 mihi
525 997 583 1036 nna
600 988 665 1037 sunt
684 997 758 1057 quae
775 977 906 1065 Saohsins
923 983 951 1048 1,
971 996 1001 1055 p.
993 980 1070 1036 ,227
1088 979 1156 1037 scri·

60 1074 133 1152 psits
153 1075 313 1150 llartongus
330 1090 409 1132 more
426 1091 478 1131 suo
496 1072 596 1131 leniter
609 1076 639 1147 2,
651 1091 681 1150 p.
692 1074 760 1130 234,
788 1072 847 1130 Res
865 1080 908 1131 est
925 1070 1057 1130 eliciendo
1070 1088 1106 1130 ex
1117 1071 1160 1130 his

61 1165 206 1227 Plutarchi
223 1165 302 1241 locis,
321 1175 428 1245 quaest.
440 1166 496 1225 Ro.
514 1168 604 1224 chiis
624 1157 690 1226 Asci
708 1161 741 1224 τί
757 1157 857 1242 πύλην
874 1160 950 1240 μίαν
966 1157 1085 1243 θυρίδα
1103 1183 1162 1224 κα-

62 1258 155 1320 λοῦσι
179 1252 257 1337 (τὴν
280 1252 340 1336 ydp
359 1253 507 1339 φενίςραν
532 1259 625 1319 τοῦτο
649 1253 825 1335 σημαίνειν)
852 1254 903 1316 καί
928 1248 1003 1335 παρ’
1026 1249 1124 1334 cissis
1142 1246 1173 1318 i*

62 1345 257 1430 καλούμενος
276 1346 382 1431 Τύχης
402 1344 553 1429 θάλαμός
571 1350 635 1428 ίςι;
664 1362 693 1411 et
717 1351 754 1409 de
777 1352 844 1411 iort.
863 1352 919 1413 Rc.
939 1371 964 1411 c.
976 1355 1030 1410 102
1046 1380 1085 1397 -
1103 1342 1162 1422 ὥςι

63 1445 118 1508 καί
137 1450 273 1508 συνεῖναι
298 1443 399 1507 δοκεῖν
422 1440 507 1528 αύτῷ
526 1439 583 1524 τὴν
605 1437 711 1522 Τύχην
736 1437 788 1504 dmi
814 1461 897 1514 τινος
915 1440 1048 1523 θυρίδος
1065 1461 1164 1504 κατα-

63 1538 238 1619 βαίνουσαν
258 1535 301 1610 stc
319 1534 356 1601 ad
376 1532 543 1618 δωμάτιον,
562 1531 580 1599 d
599 1538 655 1598 νύν
677 1532 863 1610 Φινιςίλλαν
888 1531 987 1617 πύλην
1006 1538 1163 1597 καλοῦσιν.

64 1635 177 1694 lonenit
193 1635 279 1711 igitur
296 1634 341 1692 bic
354 1636 520 1694 mentionem
536 1632 639 1691 iactam
656 1633 798 1691 aediculae
811 1633 963 1709 Fortunae,
983 1651 1066 1711 quarn
1084 1634 1165 1710 igno·

66 1714 134 1786 rare
152 1728 263 1786 uidetur
280 1728 415 1800 Ouidius,
440 1728 584 1787 dedicatae
608 1745 697 1807 prope
715 1734 842 1805 portam,
867 1729 944 1786 cuius
962 1727 1085 1787 meminit
1102 1736 1165 1786 tao·
1231 1712 1235 1721 ’

65 1841 154 1900 quam
173 1823 325 1900 superstitis
338 1833 432 1901 poeta.
461 1822 506 1880 Ea
521 1822 649 1880 Fortuna
666 1839 723 1900 quo
741 1821 904 1898 cognomine
922 1821 988 1881 olim
1007 1829 1167 1881 consecrata

66 1915 164 1990 fuerit,
182 1925 212 1974 et
229 1916 364 1994 numquid
384 1912 485 1975 ueteris
501 1914 651 1974 memoriae
668 1915 760 1975 uerbis
779 1903 796 1973 si
816 1904 1072 1990 κα1.Τύχ.θύ1.
1091 1913 1166 1988 insit5

67 2013 180 2068 nescim
213 2010 268 2069 non
294 2019 386 2068 tamen
412 2009 466 2067 boc
492 2008 666 2068 crediderim.
711 2007 872 2068 Aediculam
897 2009 1056 2066 instructam
1082 2006 1167 2066 luisse

69 2103 198 2181 auspicor
222 2100 377 2162 minusculo
402 2102 535 2163 eiusmodi
559 2103 648 2177 ostio,
675 2101 750 2181 quod
776 2100 911 2180 appellari
934 2099 1053 2173 fcslrmn
1074 2100 1169 2160 docuit
1207 2095 1209 2098 ’

69 2197 138 2256 olim
156 2197 290 2254 Antonius
309 2196 423 2274 Gnipho
449 2204 521 2254 teste
542 2193 668 2252 Macrob.
691 2202 745 2253 sat.
764 2197 858 2269 ³,12,
877 2212 907 2270 p.
922 2194 991 2268 412,
1009 2199 1056 2253 la.
1099 2194 1168 2254 lnda

69 2292 139 2368 quin
156 2289 275 2364 feriano
293 2290 420 2366 antiquos
438 2287 537 2347 dixisse
557 2286 851 2360 [monumnenta.
877 2286 957 2344 Paul.
975 2288 1053 2346 Diac.
1074 2307 1103 2367 p.
1117 2290 1167 2365 91,

71 2384 105 2458 5,
124 2383 160 2441 ab
177 2384 249 2440 istoc
266 2402 317 2440 suo
334 2383 438 2460 templo
452 2382 577 2439 Fortuna
595 2380 648 2437 rite
667 2397 818 2457 cognomen
832 2379 1006 2440 Fenestellae
1024 2391 1106 2439 nacta
1125 2381 1169 2438 ui-

71 2476 170 2534 deturs
197 2476 295 2533 similia
320 2486 385 2533 sunt
404 2473 509 2552 iupiter
529 2468 692 2548 Vimioeus,
711 2473 847 2550 Tigillus,
866 2472 999 2532 Hercules
1017 2473 1170 2534 Musarum.

74 2568 242 2646 Vbicunque
262 2587 329 2626 uero
348 2568 395 2625 illa
413 2566 538 2626 aedicula
556 2566 628 2642 fuit,
653 2584 717 2625 nam
736 2566 773 2626 de
788 2576 883 2626 monte
900 2566 1042 2646 Esquilino
1060 2567 1172 2627 minime

73 2665 249 2739 exploratum
268 2660 376 2736 habeo,
403 2678 493 2738 prope
511 2670 621 2738 portam
641 2663 762 2741 aliquam
789 2668 926 2719 uetustam
949 2658 1002 2719 init
1020 2661 1172 2719 secundum

73 2755 264 2815 Plutarchum.
304 2756 363 2814 Res
381 2773 448 2813 uero
470 2762 514 2811 est
536 2755 676 2813 notissima
696 2762 839 2832 portarum
859 2754 969 2812 nomina
986 2754 1133 2812 multarum
1154 2771 1172 2812 a

74 2851 184 2909 sacellis
203 2849 334 2928 proximis
352 2850 440 2925 petita
457 2847 557 2906 fuisses
579 2847 616 2905 ds
635 2846 815 2921 Carmentali,
834 2845 995 2922 Lauernali,
1013 2845 1173 2904 Libitinensi

75 2944 125 3001 uix
144 2943 200 3001 ulla
219 2952 261 3000 est
280 2939 428 3010 dubitatio;
447 2941 484 3000 de
498 2941 638 3000 Fontinali
656 2938 767 2998 uidetur
780 2940 876 2998 testari
888 2939 990 2997 Paulus
998 2939 1076 2996 Diac.
1087 2958 1116 3016 p.
1125 2937 1172 3009 85,
1226 2992 1228 3001 ‚

76 3041 116 3111 3,
137 3035 174 3094 de
191 3035 311 3093 Minucia
336 3033 439 3094 diserte
457 3045 576 3094 testatur
594 3053 624 3112 p.
640 3035 709 3108 147,
722 3034 758 3092 Aa
784 3035 914 3092 Minucio
931 3039 1014 3110 porto
1032 3030 1175 3110 appellato

74 3135 120 3187 vcst
138 3147 178 3198 eo,
198 3127 270 3205 qtsod
286 3132 416 3206 proniora
434 3136 505 3188 cassi
520 3128 620 3188 sacello
633 3128 762 3188 Maeotii.
792 3125 838 3183 Ex
856 3126 903 3184 illo
917 3126 1059 3183 Fortunae
1072 3141 1175 3200 cogno·

77 3225 154 3280 mine
173 3241 227 3298 quo
247 3221 330 3280 modo
348 3222 444 3281 fabula
462 3224 509 3281 illa
523 3221 560 3280 de
579 3223 687 3280 uiseote
703 3228 855 3287 amatorem
868 3219 993 3277 Fortuna
1006 3234 1097 3296 paene
1111 3217 1176 3275 oriri

78 3315 220 3389 debuerit,
238 3315 377 3392 intelligis,
396 3317 472 3374 cuius
487 3315 621 3375 memoria
635 3311 803 3372 adhaesit
777 3330 804 3370 er
822 3311 958 3388 aedilicio,
977 3310 1053 3390 quod
1068 3329 1130 3369 oum
1143 3327 1178 3368 ea

81 3409 307 3499 appellatione
291 3409 439 3467 nouissime
458 3407 613 3486 superfuit.
639 3405 705 3485 quid
730 3403 899 3483 superfuerit
916 3403 1057 3463 Plutarchi
1075 3411 1181 3477 aetate,

80 3502 180 3560 inutile
201 3501 275 3559 foret
294 3519 444 3577 quaerere,
470 3501 590 3560 sonasse
612 3499 699 3573 nihil,
724 3507 754 3556 et
777 3497 887 3558 uidetur
910 3498 1032 3556 diuersas
1057 3496 1181 3573 priorum

81 3595 302 3673 antiquariorum
321 3595 464 3673 opiniones
481 3605 609 3666 secutus,
633 3612 751 3671 quorum
770 3592 882 3670 quidam
901 3601 1000 3672 portae
1017 3605 1108 3673 prope
1125 3588 1182 3649 iam

81 3685 220 3746 euaoidae
238 3689 395 3767 reliquias
387 3690 472 3768 ipsius
491 3689 585 3749 sacelli
604 3704 664 3745 csse
682 3686 853 3766 putauerint.

467 3840 584 3900 LIBER
602 3836 793 3899 OCTAVVS.

160 3966 274 4044 Fragm.
290 3972 317 4025 1.
348 3968 422 4040 Gall.
440 3985 469 4024 n.
486 3970 519 4025 A.
537 3968 633 4040 2‚28:
653 3996 688 4011 -
709 3963 757 4022 ubi
773 3970 878 4024 mnan
895 3963 1015 4022 modste
1032 3966 1182 4028 moment,

86 4062 282 4119 sanndntumus
300 4067 378 4131 cccl,
404 4060 493 4134 farios
511 4062 570 4118 dus
591 4061 633 4118 cci
650 4076 738 4117 conso
755 4055 841 4116 edium
863 4053 1052 4134 hopnuhonl,
1075 4052 1122 4112 ssd
1140 4050 1184 4112 dci

86 4170 184 4213 nomen
202 4156 257 4230 itu,
277 4156 320 4212 uti
338 4153 418 4230 solet,
437 4150 715 4224 emaculatissime
733 4155 883 4229 apertast,
902 4156 1023 4210 maworn
1041 4155 1067 4206 ct
1083 4144 1186 4207 edicas
