2550 4574
136 254 194 304 olv
470 254 479 279 '
601 249 713 327 vellito·
730 252 773 296 ΕΤ

30 404 33 409 ’
140 409 179 467 11
192 405 271 467 dext.
308 404 397 465 Nuuit
413 409 499 481 poeta
516 399 606 459 Sinnin
624 401 768 481 Capitonis
788 402 965 479 sententiam,
984 408 1068 482 quam
1087 402 1148 482 ipse
1166 401 1241 463 Ver·

139 501 197 561 rius
215 501 359 579 probauit,
377 497 455 557 nouit
473 502 619 573 praeterea
637 503 694 553 tres
711 498 798 570 alias,
817 515 886 574 quas
906 496 1020 556 Verrius
1038 516 1240 557 commemora-

140 593 193 669 uit,
211 592 261 652 sed
274 594 399 672 sequitur
415 591 640 649 nouae-uuo
653 587 865 665 Varroniauam,
884 590 1065 668 propositam,
1083 601 1115 649 ut
1128 593 1240 670 opinor,

140 687 170 745 in
188 686 293 763 antiqq.
312 703 368 745 rer.
387 682 569 742 humanarum
590 683 635 741 uel
653 682 822 759 diuinarum,
842 684 988 762 repetitam
1007 694 1039 742 ut
1057 685 1145 742 multa
1162 685 1203 742 de
1219 684 1241 743 l.

140 776 162 837 l.
179 777 272 852 etue
296 778 404 856 Argeos
421 776 508 836 dictor
525 781 627 851 pariunt
644 793 663 832 u
680 768 866 854 prinoipidus,
893 778 941 853 qui
958 794 1020 835 sum
1039 777 1158 836 Hercula
1176 779 1239 836 Ar-

137 873 205 948 piso
221 890 319 931 umere
337 877 461 933 mom
481 875 508 927 et
532 870 563 926 io
582 868 723 927 Saturnio
740 869 927 929 missisunt.
971 868 1079 928 lladsm
1101 872 1242 929 oentcoda

13 974 15 979 '
140 963 331 1025 fuit-Comelii
339 962 468 1044 Epicadi,
487 961 607 1020 docente
620 960 764 1022 Macrobio
776 971 830 1022 sat.
844 970 873 1038 1,
885 968 933 1039 12,
952 982 982 1042 p.
991 967 1060 1038 240,
1067 965 1136 1035 241.
1148 998 1151 1003 -
1162 964 1241 1023 Festi

140 1056 242 1117 lemma
260 1060 289 1117 io
304 1058 383 1121 ¹lruoc
400 1055 513 1115 modum
531 1054 716 1132 supplendum
735 1074 797 1115 esse
814 1057 940 1115 existimo
965 1056 1031 1114 iude
1048 1075 1066 1115 a
1084 1076 1170 1115 uersu
1188 1057 1242 1116 de-

141 1149 229 1209 cimo:
259 1151 385 1211 Vestales
404 1152 536 1225 cupiam
578 1151 672 1208 Varro
690 1148 785 1222 dioth,
808 1156 934 1208 morante
950 1151 982 1208 io
999 1150 1089 1217 italio
1098 1148 1113 1221 ΙΙ
1123 1152 1243 1211 Honoris

143 1242 217 1320 prod
240 1247 288 1321 (pri
310 1243 348 1304 illi
371 1245 445 1316 eiius
468 1245 596 1315 cortitum
617 1241 763 1303 15111511-
776 1237 859 1309 llriot
879 1245 963 1303 Graii
983 1245 1122 1303 solrrmat
1144 1244 1241 1322 sti]sra

141 1335 237 1396 loom
254 1345 314 1416 olq3
332 1337 481 1414 Arpo-llsl
498 1333 627 1411 sepulcro
642 1336 851 1408 mondo1usriat
870 1339 945 1410 aaa,
966 1356 1082 1413 quorum
1093 1340 1241 1417 pro-llor-

140 1436 268 1490 rotcrum
285 1434 458 1503 sumomonte
476 1428 657 1504 redintegrari
674 1450 706 1490 oo
723 1424 864 1508 ρει-1111111
881 1429 1019 1505 sompni.
1059 1435 1181 1505 Sostrlo
1198 1433 1239 1491 ls-

71 1584 76 1599 ,
139 1531 240 1599 potunt
258 1525 393 1603 mondum
411 1520 599 1598 Argo-ileum
617 1522 685 1584 dicit
700 1527 731 1583 iu
747 1525 878 1600 regeniis
892 1528 1000 1584 Romus
1015 1533 1154 1585 mortuum
1170 1542 1239 1584 sess.

141 1619 170 1676 is
188 1626 220 1676 ut
232 1615 245 1687 ΙΙ
255 1618 389 1678 redhiberi
405 1618 512 1694 poasth
535 1617 693 1675 mortuum
715 1637 774 1676 esso
796 1636 818 1676 o
840 1617 1046 1694 suomdotilrus,
1067 1617 1248 1694 mllsftipioe.

142 1714 262 1790 sloirpso
280 1729 316 1772 cu
333 1709 460 1772 omnibus
480 1711 565 1769 atriis
587 1715 654 1787 quio
673 1709 822 1786 psallioosll
832 1713 874 1769 rsi
892 1730 981 1771 oouso
997 1715 1241 1784 irtemqutiuuir·

142 1810 195 1879 est,
217 1815 288 1864 caet.
326 1804 479 1883 Superiora
496 1802 533 1860 de
551 1805 689 1862 sententia
703 1804 820 1876 Manilii,
839 1822 922 1882 quarn
941 1802 1058 1863 Ouidius
1079 1808 1242 1866 511625-

86 1892 89 1899 ’
143 1895 201 1951 632
220 1897 374 1973 expressit,
397 1897 499 1955 rectius
517 1906 583 1955 sunt
605 1898 732 1954 restituta
751 1917 786 1956 ex
804 1897 937 1973 Dionysio
956 1898 1020 1956 Hal.
1042 1904 1071 1973 l,
1089 1904 1128 1958 19
1147 1910 1178 1959 et
1195 1905 1243 1976 38,

143 1986 195 2044 nisi
213 1987 287 2046 sorte
305 1992 419 2070 propius
438 1989 626 2049 accedendum
644 2000 687 2049 est
705 1989 742 2050 ad
756 1989 852 2049 Ouidii
870 1991 957 2049 uerba
976 1993 1089 2053 u.627=
1108 1992 1164 2053 duo
1181 2013 1243 2054 oor·

130 2096 216 2157 vporo
231 2089 341 2158 prutes,
367 2084 427 2143 siue
445 2082 591 2160 legendum
611 2091 669 2142 est:
697 2091 763 2160 quot
781 2102 900 2162 omporu
916 2091 1019 2160 psam.
1057 2085 1163 2144 Verum
1181 2106 1243 2147 curn

145 2176 237 2232 omnia
256 2195 440 2256 quaecuuque
458 2176 607 2251 Dionysius
625 2175 769 2235 Manilium
788 2176 936 2235 tradidisse
954 2178 1066 2253 scribit,
1084 2179 1161 2257 apud
1180 2180 1244 2238 Ma-

23 2280 30 2301 ·
146 2268 270 2326 crobiurn
288 2279 341 2329 sat.
360 2278 389 2346 1,
402 2274 434 2345 7,
452 2289 483 2349 p.
493 2272 551 2327 219
559 2289 602 2346 sq.
622 2270 801 2348 proferantur
820 2288 856 2329 ex
874 2271 1015 2345 Varrone,
1032 2271 1099 2331 iude
1116 2274 1244 2350 cognosci

145 2377 211 2417 reor
228 2361 264 2420 L.
283 2362 392 2422 Manilii
416 2365 468 2422 isto
488 2364 660 2440 testimonio,
689 2363 765 2442 quod
783 2365 865 2422 bilem
884 2365 971 2422 mouit
988 2364 1142 2425 Niebuhrio
1161 2365 1191 2424 h.
1207 2365 1245 2425 R.

146 2457 176 2522 1,
193 2472 224 2531 p.
240 2458 294 2531 13,
320 2455 412 2539 ipsum
430 2456 585 2515 Varronem
605 2477 685 2516 nsum
710 2476 787 2528 esse,
812 2457 854 2516 uti
877 2456 996 2516 sonasse
1014 2457 1051 2515 de
1069 2459 1090 2516 l.
1109 2458 1177 2529 15,
1197 2465 1244 2518 31.

146 2543 261 2604 Verrius
279 2548 362 2625 igitur
386 2567 441 2605 nou
467 2549 596 2624 exiguum
615 2551 752 2620 Varronis,
773 2551 865 2608 locum
889 2552 1026 2628 integrum
1044 2552 1247 2630 transcripsisse

147 2636 269 2698 uidetur.
307 2647 398 2718 Atque
416 2640 444 2697 id
464 2643 592 2718 suspicor
611 2662 664 2700 non
685 2643 729 2702 hic
746 2654 854 2703 tautum
873 2645 910 2702 ab
928 2663 962 2703 eo
981 2646 1098 2720 iactum,
1116 2646 1167 2704 sed
1184 2663 1246 2705 rue·

146 2730 267 2807 pissime,
285 2732 400 2810 eiusque
418 2734 578 2812 suspicionis
594 2754 680 2794 unum
700 2749 891 2814 argumentum
910 2738 1059 2816 proferam.
1090 2739 1181 2799 Verrii
1198 2757 1247 2799 ue·

147 2832 207 2882 tate
225 2844 288 2883 cum
308 2826 377 2884 Aelii
395 2828 538 2905 quinque,
563 2828 608 2886 uel
627 2849 677 2889 sex
695 2833 802 2910 scriptis
820 2833 1026 2906 inclaruisseut,
1054 2831 1119 2890 uide
1136 2833 1248 2910 eleg'sn·

148 2925 205 2977 tem
232 2928 261 2978 et
281 2920 375 3001 prisco
399 2919 572 2978 Batauorum
597 2924 746 3001 splendore
771 2926 884 3002 diguam
908 2927 1249 2988 inamaricant

148 3012 363 3092 disquisitionem
381 3012 418 3070 de
433 3012 469 3070 L.
485 3013 563 3072 Aelio
576 3015 684 3077 Stilone
702 3019 781 3079 Trai.
797 3021 883 3094 1839,
902 3038 931 3096 p.
943 3022 992 3094 61,
1013 3014 1059 3077 ubi
1077 3020 1182 3079 addere
1196 3040 1249 3099 po·

149 3109 235 3165 tueris
260 3107 296 3166 de
314 3108 382 3167 Sex.
401 3107 479 3166 Aelio
499 3108 575 3166 Gall.
595 3111 626 3184 4,
646 3117 679 3186 1,
703 3112 837 3171 Vaassen.
857 3112 995 3171 animadu.
1016 3132 1047 3190 p.
1059 3119 1134 3189 223,
1155 3114 1192 3172 de
1209 3115 1247 3183 Q.

149 3198 227 3256 Aelio
246 3202 400 3260 Tuberone
417 3200 476 3258 leto
496 3201 571 3260 Gall.
593 3209 622 3278 l,
635 3209 691 3281 223
712 3206 759 3280 14,
773 3208 803 3280 7,
815 3208 845 3280 8,
865 3207 923 3285 qui,
943 3207 993 3264 nisi
1011 3207 1105 3282 fallor,
1124 3208 1250 3267 diuersus

149 3287 203 3348 tuit
221 3293 258 3348 ab
276 3292 407 3353 historico
427 3293 502 3372 apud
522 3295 641 3354 eundern
659 3301 689 3372 7,
702 3300 733 3372 9,
751 3298 834 3361 Dion.
851 3301 917 3362 Hal.
936 3307 965 3375 1,
976 3304 1006 3377 7,
1025 3301 1108 3359 Seru.
1124 3300 1161 3360 ad
1178 3303 1249 3361 deu.

151 3383 183 3456 4,
201 3384 270 3460 390,
289 3385 396 3444 Charis.
415 3393 446 3462 2,
464 3406 493 3465 p.
511 3391 549 3445 81
569 3390 684 3469 aliisque
703 3404 928 3470 commemorato,
948 3394 984 3452 de
1002 3396 1081 3454 Aelio
1099 3397 1188 3453 Gallo'
1202 3415 1251 3454 re-

53 3478 56 3485 '
150 3478 267 3534 cautiori
284 3477 417 3538 Vaassen.
436 3481 456 3539 1.
475 3480 546 3555 iod.,
565 3481 602 3552 lri,
619 3484 741 3562 inquam,
762 3504 823 3542 cum
842 3486 941 3545 eodem
960 3488 1065 3546 suerint
1083 3490 1178 3566 gentili
1196 3508 1252 3547 no-

150 3567 235 3642 rnine,
254 3588 366 3630 necesse
384 3582 426 3630 est
445 3575 548 3631 canerit
565 3576 676 3635 Verrius
689 3579 816 3654 Flaccus,
836 3599 872 3638 ne
890 3582 1137 3640 confunderentur.
1166 3582 1252 3653 Quod

151 3679 216 3718 eum
239 3663 278 3720 ita
301 3664 400 3724 iecisse
422 3666 562 3742 existimo,
588 3679 619 3728 ut
642 3680 692 3728 aut
710 3672 779 3730 Aelii
797 3673 911 3732 Stilonis
937 3694 1037 3734 nomeu
1058 3677 1252 3754 perscripserit

152 3754 277 3831 plenius,
302 3757 378 3834 quod
397 3756 562 3838 plerumque
577 3763 612 3821 fit
630 3765 659 3820 in
679 3768 862 3841 grammaticis
881 3768 956 3845 apud
975 3770 1107 3842 Festum,
1118 3833 1121 3837 ,
1134 3770 1253 3827 iactum·

46 3900 59 3909 ,,
152 3863 210 3924 que
234 3858 277 3906 est
303 3852 452 3911 rectissime
478 3854 649 3913 aMuellero
675 3858 704 3914 iu
731 3860 924 3937 supplemento
942 3882 972 3940 p.
983 3858 1189 3936 217,13'‹lext.
1208 3881 1253 3922 se·

152 3938 273 3997 cundum
285 3942 368 4001 Varr.
388 3944 423 4003 dc
441 3946 462 4007 l.
476 3947 496 4005 l.
511 3946 542 4022 5,
556 3949 606 4023 25,
625 3948 837 4030 faciendumque
855 3953 966 4013 uidetur
984 3975 1015 4033 p.
1025 3955 1094 4029 355,
1104 3957 1145 4012 27
1160 3955 1253 4014 dextr

155 4033 373 4110 'tumulum-L]
393 4038 508 4116 Aeliana,
537 4043 597 4100 vel:
626 4043 708 4120 Stilo]
728 4045 842 4120 Aelius,
868 4048 1100 4123 quemadmodum
1127 4034 1254 4107 Aurelius

152 4124 262 4206 Opilius
280 4130 328 4208 qui
346 4139 389 4190 est
405 4151 436 4211 p.
449 4136 516 4211 141,
530 4136 569 4194 30
582 4137 634 4196 siu.
654 4146 762 4198 eterne
781 4139 890 4201 uidetur
908 4141 1171 4221 pennensem,
1188 4143 1254 4221 ple-
