2550 4574
542 218 694 271 sabucus
805 232 808 238 '
1005 222 1156 283 ccxxxttt
1264 260 1267 269 ,

55 371 167 452 'graecis
184 371 295 431 Cereds
314 370 399 430 sacris
417 368 574 450 desumpta,
594 381 626 429 nt
644 371 817 448 cognoscitur
835 389 869 433 ex
880 370 1017 434 Pausania
1028 359 1175 452 6,ἔ11,7ιὶ

56 466 94 525 de
113 466 235 544 bospitio
253 465 330 543 apud
344 464 457 524 Orionis
477 474 584 543 patrem
599 465 628 535 6,
639 468 706 535 496,
725 465 761 523 de
779 485 835 544 qua
855 465 919 525 uide
936 486 1022 544 supra
1040 487 1071 545 p.
1084 486 1157 532 xant
1194 470 1199 475 '

56 569 87 620 et
105 560 190 618 Seru.
208 558 246 617 ad
264 560 336 618 Aen.
356 563 402 633 10,
415 561 488 619 763ι
508 569 609 638 quarta
628 561 852 618 commemoratio
870 559 959 617 cultus
978 561 1106 620 Arcadici
1123 562 1156 639 b,
1207 588 1210 595 ¹

57 656 96 710 88
108 672 184 730 sqq,
204 652 240 711 de
257 671 314 731 qno
334 652 400 711 nide
417 653 582 711 Pausaniam
601 656 632 727 8,
647 656 742 728 17,1;
760 653 795 728 53
815 656 913 728 31,7;
930 655 1040 729 ao,10;
1060 656 1110 729 39,
1121 659 1157 732 tt,

56 749 105 818 47,
120 749 157 820 4;
179 748 225 816 16,
241 751 270 821 l,
290 764 381 824 neque
401 747 531 824 negligite
546 747 692 825 postremis
711 747 738 804 in
758 747 835 819 locis,
855 743 901 803 uel
920 754 996 803 certe
1013 756 1156 824 pmtremo

56 848 86 896 et
104 839 193 896 altero
212 842 258 909 to,
269 841 346 914 aab
364 839 438 898 idem
456 839 538 910 tradi,
558 840 633 918 qnod
652 858 738 919 snpra
755 859 785 919 p.
797 857 938 899 cnxxxrr
957 839 1032 918 apud
1046 839 1156 917 Lydum

57 931 208 990 conuenire
225 951 287 990 cnm
307 931 410 991 Ouidio
423 932 630 1007 demonstraui3
651 933 678 992 id
697 934 722 993 si
743 933 820 1012 apud
834 934 989 991 Varronem
1010 952 1065 991 non
1085 935 1160 994 exti-

57 1026 125 1083 tisse
144 1025 313 1083 credendum
333 1035 376 1084 est
394 1028 564 1104 Augustino,
583 1028 631 1105 qui
650 1037 735 1105 negat
753 1028 830 1085 silum
849 1029 1001 1097 inuenisse,
1021 1027 1156 1104 quomodo

57 1121 231 1178 dioecesium
248 1119 362 1193 τοίανού
381 1118 419 1178 od
443 1119 556 1197 climens
580 1128 676 1199 perles
698 1120 809 1192 muudi,
835 1138 906 1197 quur
927 1127 994 1177 sual
1016 1120 1156 1193 dorma,
1235 1115 1245 1126 ⁸

57 1229 117 1269 non
136 1222 230 1269 tamen
250 1214 404 1290 neglectum
418 1216 573 1293 putauerim
588 1215 624 1272 ab
640 1215 685 1288 iis,
704 1214 862 1292 quicunqne
876 1212 1007 1297 primum,
1027 1226 1057 1270 ut
1070 1232 1160 1292 supra·

56 1303 180 1362 indicaui
198 1323 228 1382 p.
239 1320 381 1376 oxortu,
405 1325 488 1385 qnam
509 1308 643 1386 plurimas
661 1307 804 1383 religiones
823 1304 966 1366 Romanas
985 1325 1019 1364 ex
1037 1307 1158 1368 Arcadia

58 1406 190 1474 repetere
214 1407 280 1456 sunt
300 1401 401 1462 conati.
440 1401 625 1463 Mercatorum
645 1401 763 1460 maxima
782 1397 865 1456 deum
884 1397 1052 1457 Mercurium
1070 1399 1157 1461 fuisse

59 1491 237 1567 cognoscitur
254 1508 288 1549 ex
308 1493 397 1570 prima
416 1493 492 1552 aedis
510 1494 685 1553 dedicatione
703 1490 779 1571 apud
792 1492 903 1552 Liuium
918 1497 948 1566 2,
960 1496 998 1551 27
1017 1512 1080 1554 cum
1099 1493 1158 1553 eol·

59 1583 128 1659 legii
146 1592 330 1643 mercatorum
350 1586 519 1647 institutione
539 1589 694 1647 coniuncta.
732 1587 806 1645 Vota
821 1586 980 1647 mercatoris
998 1585 1073 1666 apud
1086 1585 1159 1649 Oui·

60 1676 139 1733 dinm
156 1677 187 1751 b,
202 1680 258 1738 661
268 1697 312 1755 sq.
332 1679 462 1742 Mercurii
480 1673 629 1758 dyonisius>
648 1692 677 1742 et
696 1675 801 1765 δολίου
821 1679 1004 1753 Graecorum,
1023 1678 1107 1741 Pano.
1128 1681 1159 1751 7,
1245 1670 1250 1679 '

59 1773 161 1843 22,2;
179 1773 272 1845 27,1,
290 1770 450 1833 admonent.
490 1775 653 1848 Quaeritur,
672 1773 784 1852 quando
803 1772 921 1851 priunum
940 1789 1058 1848 graecae
1077 1793 1157 1833 usun-
1199 1773 1205 1781 '

61 1872 148 1939 patae
165 1862 270 1922 inerint
287 1863 400 1925 fabulae
420 1877 470 1926 aut
489 1862 670 1943 cerimoniae,
689 1884 758 1944 quas
778 1884 833 1923 non
853 1866 1054 1923 recentissimas
1070 1865 1159 1927 fuisse

60 1955 91 2013 in
110 1956 190 2014 ltalia
208 1957 291 2016 docet
309 1959 442 2021 Varronis
461 1961 537 2040 apud
556 1961 738 2021 Censorinum
760 1978 785 2019 c.
799 1965 836 2016 22
855 1958 1039 2017 testimonium
1058 1957 1095 2017 de
1111 1977 1158 2019 aa·

61 2049 119 2107 cris
144 2060 204 2109 toto
222 2051 304 2110 Latio
328 2051 468 2116 Mercurio
493 2064 522 2112 et
540 2055 633 2115 Maiae
657 2054 718 2116 lieri
741 2053 844 2128 solitis,
871 2053 917 2109 nel
935 2050 1028 2109 Plauti
1045 2052 1161 2129 Amplsi·
1227 2040 1232 2047 ’

63 2144 170 2201 mannis
188 2146 329 2223 prologus.
360 2145 438 2205 Lene
456 2147 566 2207 inuenio
585 2147 714 2208 indicium
729 2165 764 2205 ex
781 2146 856 2207 libris
870 2143 1010 2220 Sibyllinis
1028 2161 1159 2221 graecum

63 2235 168 2298 cultum
186 2237 345 2298 inualuisse.
383 2240 513 2300 Mercurii
532 2241 630 2302 aedem
643 2239 740 2297 Liuius
759 2239 822 2296 loco
840 2236 961 2294 indicato
980 2246 1009 2294 et
1021 2255 1052 2294 c.
1066 2242 1103 2298 21
1123 2257 1160 2301 en

63 2345 139 2386 anno
157 2329 312 2392 dedicatum
331 2332 412 2407 (licit,
432 2353 488 2410 quo
508 2344 660 2412 pugnatum
680 2341 723 2392 est
740 2350 803 2388 cum
822 2331 941 2404 Volscis,
961 2330 1080 2406 Sabinis,
1099 2332 1160 2396 elu-

64 2422 172 2479 runcisr
191 2433 288 2482 notum·
305 2443 372 2504 ergo
390 2425 444 2486 tois
462 2428 547 2506 paulo
565 2437 640 2486 ante.
675 2427 733 2484 lam
753 2442 820 2482 nero
832 2423 980 2498 Dionysius
993 2425 1023 2499 6,
1038 2427 1075 2481 17
1093 2435 1160 2486 ante

63 2513 228 2574 Volscorum
254 2517 354 2575 bellum
378 2530 445 2576 uota
471 2531 566 2578 narrat
591 2519 695 2597 templa
720 2517 831 2577 Cereris
855 2517 1003 2579 Liberi'et
1024 2517 1160 2579 Liberaes

65 2600 234 2667 έσπάνισαν
253 2603 328 2688 γάρ,
353 2612 456 2689 inquit,
481 2607 514 2671 osi
533 2608 654 2692 τροφαὶ
671 2611 727 2670 τοῦ
745 2603 881 2685 πολέμου
900 2602 970 2668 κατ’
992 2601 1090 2688 ἀρχὰς
1108 2607 1160 2672 καλ
1261 2686 1270 2691 ρ

65 2696 164 2759 πολέα
189 2694 304 2773 αὐτοῖς,
321 2699 476 2780 παρέσχον
502 2697 604 2784 φόβον
632 2693 675 2774 ὥς
700 2700 931 2780 ἐπιλείψουσαι,
962 2703 1020 2780 τῆς
1045 2722 1078 2764 τε
1102 2705 1160 2784 γῆς

65 2785 208 2870 ἀνέσασα
225 2791 389 2876 γενομένης
406 2794 467 2856 καὶ
486 2798 552 2875 τῆς
570 2791 712 2869 ibaldus
732 2791 873 2878 ἀγορᾶς
893 2791 1019 2860 οὐκέτι
1039 2818 1160 2874 παρα·

64 2884 322 2968 κομιζομένης
348 2884 400 2949 dsd
423 2883 477 2950 τὸν
501 2886 644 2968 πόλεμον.
683 2893 827 2955 Frumenti
846 2902 982 2950 mercatus
1001 2910 1056 2949 non
1079 2892 1162 2950 facile

64 2984 199 3061 pertinuit
217 2996 266 3042 ant
285 2984 320 3043 ad
340 2986 483 3061 Cererem,
502 2997 551 3047 ant
569 2988 606 3046 ad
620 2988 752 3050 Liberum
768 2987 945 3059 Liberamue,
962 2982 1010 3042 sed
1030 2983 1066 3042 ad
1087 2976 1160 3043 mer·

66 3087 176 3138 catores
194 3088 224 3136 et
241 3079 413 3156 praesectum
432 3097 578 3156 abnorme,
602 3082 652 3161 qui
671 3089 867 3159 nuncupantur
888 3079 916 3137 in
935 3074 1011 3133 aedis
1030 3075 1162 3136 Mercurii

68 3170 242 3230 dedicatione
258 3172 333 3251 apud
352 3173 464 3233 Liuium
483 3193 509 3232 c.
524 3177 574 3250 27,
594 3175 646 3236 cst.
664 3174 801 3235 Niebuhr.
819 3177 846 3240 l,
866 3189 895 3246 p.
912 3168 978 3229 665.
1017 3170 1162 3245 Quamob-

67 3282 128 3323 rem
152 3282 214 3322 cnm
238 3266 364 3344 proxima
388 3283 406 3324 a
432 3267 516 3326 modo
540 3269 637 3347 positis
656 3268 780 3343 Dionysii
805 3264 892 3323 uerba
916 3262 972 3319 sint
996 3261 1078 3321 baeer
1109 3257 1164 3324 dmi

69 3357 162 3421 τοῦτο
186 3351 220 3415 sd
245 3353 314 3428 δέος
339 3351 582 3435 ἀνασκέψασθαι
608 3353 647 3419 τὰ
667 3352 834 3434 Σιβύλλεια
853 3347 925 3424 τοὺς
944 3347 1086 3432 φύλακας
1106 3351 1165 3419 αι’·-

70 3448 133 3509 τῶν
151 3441 297 3521 κελεύσας
315 3462 382 3530 eta,
408 3464 438 3512 et
461 3474 524 3512 cum
547 3472 621 3512 anno
644 3454 726 3515 etiam
747 3451 783 3514 V.
803 3451 838 3509 C.
857 3450 914 3516 535
939 3458 1004 3527 post
1022 3450 1164 3513 Trasime-

69 3545 145 3606 oiam
168 3562 291 3622 pugnam
314 3546 476 3609 decemuiris
496 3546 635 3622 Sibyllinis
656 3546 830 3619 curantibus,
851 3552 888 3601 ‚nt
912 3560 965 3620 ego
988 3541 1165 3619 interpretor,

70 3647 188 3716 propter
205 3635 333 3700 abnouae
351 3639 426 3699 domi
450 3650 533 3699 natae
551 3649 580 3698 et
598 3655 716 3716 peregre
734 3636 914 3697 aduehendae
933 3635 1089 3716 praeuisam
1108 3653 1163 3715 peu

72 3733 197 3808 taurim,
221 3733 417 3797 lectisternium
437 3732 534 3792 eodem
558 3730 605 3791 die
623 3732 760 3795 Mercurio
778 3739 808 3790 et
826 3731 922 3794 Cereri
940 3728 1044 3793 lactum
1064 3729 1099 3788 sit
1116 3748 1164 3789 sc-

73 3825 194 3884 cundnm
211 3825 322 3885 Liuium
340 3831 457 3902 22,10,
475 3825 589 3887 conicio
608 3824 705 3884 eodem
724 3825 807 3886 etiam
826 3842 899 3883 anno
918 3822 958 3888 V.
973 3823 1007 3883 C.
1020 3823 1077 3888 268
1096 3841 1164 3885 ean-

74 3917 139 3978 dem
157 3919 195 3981 ob
213 3936 326 3981 causam
344 3919 439 3982 iisdem
458 3919 533 3980 tibris
552 3918 708 3981 auctoribus
727 3908 794 3983 nota
812 3916 1118 3995 essctemplsCereris
1135 3925 1164 3975 et

73 4010 215 4086 Mercurii,
233 4010 285 4072 sed
303 4011 431 4074 dedicata
448 4030 583 4074 seorsum.
614 4012 759 4090 Superest,
779 4019 810 4070 ut
823 4029 951 4071 moneam
966 4010 1165 4069 aedencsrffi

74 4106 111 4172 ris
126 4123 145 4171 ο
160 4106 440 4183 errorisautoribus
455 4106 617 4171 adornatam
635 4103 688 4172 dici
704 4105 779 4194 apud
790 4103 909 4170 Plinium
923 4112 979 4169 nat.
990 4102 1051 4169 trist.
1060 4102 1165 4184 dofle,
