2550 4574
525 284 568 332 nn
590 284 694 332 ranas
1072 285 1163 334 essu
1263 274 1267 289 '

59 455 92 516 p.
102 437 176 512 340,
189 436 270 496 isin.
289 437 489 516 suppleueruat
505 444 574 496 ante
590 435 767 511 Muellerum,
784 434 829 495 etti
846 435 930 515 plane
948 436 1091 499 menna.
1110 437 1161 501 'Oi

61 530 162 589 missos
181 529 383 609 faciasnasscns
402 531 520 590 tinans
542 529 655 589 feriatos
674 530 727 590 Vll
742 527 791 589 ΚΡ
809 530 875 589 blei.
895 530 1046 590 secandum
1065 530 1159 593 Verrii

62 623 189 681 tabulam
207 623 412 683 Praenestinam
433 634 461 682 et
480 640 513 681 ea
532 623 664 701 collegia,
689 622 726 682 ed
745 641 818 702 quae
835 623 1026 702 Quinquatrus
1046 635 1077 684 et
1093 624 1160 687 ltus
1227 619 1230 623 ⁴

61 715 160 774 Maiae
183 717 351 795 potissimum
377 717 585 795 pertinuerant,
611 715 667 778 nid.
686 716 743 776 On.
764 722 793 793 3,
806 720 863 775 821
876 736 948 796 sqq,
971 716 1002 793 b,
1014 717 1071 776 67⁵
1085 737 1160 799 sqq,

62 816 174 867 restant
191 807 279 868 feriae
297 811 476 888 piscatorum,
494 807 605 886 quando
620 804 692 868 diem
705 809 807 884 fasma
817 811 924 888 scripsit
937 810 1053 871 Ouidius
1066 831 1092 870 n.
1102 815 1160 873 2³⁹

64 910 94 959 ct
113 920 211 960 omnes
229 901 293 961 sesti
310 902 485 962 suntseriati
503 902 652 961 secundum
672 903 759 962 Maec.
777 913 830 964 sat.
851 909 933 979 t,11
953 914 1036 979 exta,
1062 905 1100 963 Vl
1120 904 1161 965 ld.

63 994 141 1064 lon„
166 995 207 1054 nti
230 1014 315 1074 supra
342 991 563 1055 demonstrabam
582 1014 738 1072 nnxrrr,
763 1005 793 1056 et
812 995 958 1055 Kalendae
975 999 1097 1076 Apriles,
1123 998 1161 1060 ds

64 1106 186 1165 quaram
203 1087 278 1148 feriis
297 1088 372 1167 quod
391 1090 456 1147 satis
474 1098 517 1147 est
534 1089 619 1167 paulo
638 1090 755 1149 antebac
773 1090 828 1147 dini
847 1109 876 1168 p.
886 1107 1029 1149 cxxxrrr
1045 1102 1074 1151 et
1086 1109 1160 1152 ext..

143 1183 286 1241 Feriarum
305 1192 437 1241 staterum
456 1183 600 1243 discrimen
619 1184 672 1244 fuit
687 1184 854 1263 potissimum
870 1185 1004 1243 maiorum
1023 1195 1054 1245 et
1071 1187 1162 1246 mino·

65 1295 140 1335 nrm.
181 1276 286 1337 Omnes
304 1278 420 1354 signari,
440 1278 484 1336 uel
504 1279 649 1356 significari
666 1278 762 1336 litter-'s
780 1275 832 1335 NP
850 1277 879 1335 in
897 1278 998 1339 tabulis
1015 1297 1101 1356 supra
1119 1289 1176 1340 est.

65 1378 222 1429 notatum·
244 1365 350 1430 omnes
374 1391 429 1429 uno
452 1371 498 1430 die
521 1371 844 1450 transigebantur,-nnn
867 1370 1002 1430 continuis
1020 1372 1162 1450 pluribuss

64 1463 145 1540 quod
165 1482 229 1522 nom
248 1466 276 1522 in
295 1466 439 1524 annalibus
458 1476 487 1524 et
506 1465 674 1543 consentinis
692 1463 765 1523 idem
783 1465 820 1523 sit
833 1464 1022 1540 obseruatum,
1041 1484 1097 1526 non
1116 1486 1163 1535 sa·

66 1557 101 1614 tis
126 1556 216 1615 babeo
235 1558 417 1637 exploratam.
456 1559 645 1617 Tertullianus
665 1577 700 1618 ex
718 1557 882 1617 auctoritate
900 1557 993 1617 Verrii
1011 1558 1104 1633 Flacci
1122 1561 1162 1621 ita

64 1650 177 1727 minat
201 1650 237 1710 de
260 1651 398 1711 idololatr.
419 1671 450 1729 p.
462 1655 519 1709 622
539 1651 584 1712 ed.
604 1652 686 1712 Pana
714 1655 793 1710 Nnnn
815 1650 929 1710 etianiois
946 1651 1029 1710 senui
1051 1660 1163 1723 cenans

66 1740 127 1800 diss
145 1746 257 1821 nasisque
274 1744 364 1819 festus
381 1753 423 1807 est
435 1766 488 1804 -s
507 1763 619 1824 escape
635 1745 762 1821 sinnnlm
779 1745 957 1804 solennitates
973 1748 1118 1807 emtionem
1135 1753 1164 1808 ss

65 1837 98 1893 in
116 1835 239 1896 ordinem
255 1846 332 1912 tene,
356 1846 526 1916 pentecosten
550 1839 661 1917 inplere
684 1857 740 1898 non
757 1845 894 1917 puteant.
930 1837 1009 1897 Idem
1027 1840 1164 1919 excerpsit

65 1930 169 1988 Festus
187 1949 217 2008 p.
227 1931 296 2007 257,
313 1937 329 1988 l
345 1933 412 2008 sia,
440 1934 485 1990 nbi
512 1932 548 1991 de
567 1932 785 2010 Quinquatribus
803 1931 976 1991 varroniana
999 1932 1035 1993 de
1053 1934 1073 1994 Ι.
1093 1934 1113 1993 Ι.
1131 1937 1163 2012 d,

68 2024 108 2080 14
126 2035 320 2101 exponuntur,
346 2044 417 2102 quae
436 2026 589 2104 neglexisse
607 2025 740 2085 Ouidium
759 2029 790 2100 3,
808 2028 867 2083 810
884 2033 972 2103 patet.
1010 2025 1164 2103 Minoribus

67 2114 143 2175 seriis
163 2118 272 2175 statutis
292 2137 425 2176 accenseo
443 2139 538 2178 omnes
557 2129 674 2198 propter
687 2118 837 2177 Caesarum
857 2127 1011 2197 res·gestes
1028 2121 1058 2178 in
1076 2119 1164 2183 fastos

67 2204 249 2284 introductas,
269 2210 306 2269 de
326 2213 425 2290 quibus
444 2212 520 2291 qnod
538 2215 605 2271 satis
623 2213 659 2271 sit
676 2212 706 2270 in
724 2210 910 2290 superioribus
930 2220 974 2270 est
990 2212 1163 2274 annotatum.

66 2302 216 2361 Proximae
238 2303 290 2361 illis
314 2315 379 2364 sunt
403 2324 475 2385 quae
496 2315 613 2385 propter
633 2305 797 2381 templorum
817 2311 847 2363 et
863 2305 1027 2364 sacellorum
1049 2304 1164 2365 dedica-

67 2397 158 2455 tiones
178 2397 318 2455 institntae
337 2417 392 2457 non
412 2417 508 2458 omnes
527 2397 650 2458 eiusdem
668 2397 748 2456 suere
765 2397 940 2458 celebritatis.
974 2399 1046 2457 Cum
1065 2397 1102 2459 de
1119 2409 1164 2461 ta·

67 2491 135 2549 bula
154 2489 295 2555 Maffeana
313 2491 513 2572 disceptarem,
540 2492 622 2551 docui
640 2491 676 2552 de
693 2492 743 2568 iis,
767 2507 840 2570 quae
859 2490 959 2550 leuiter
979 2491 1116 2552 indicatae
1133 2492 1164 2554 in

67 2601 103 2642 ea
121 2584 313 2662 reperiuntors
339 2587 362 2642 si
385 2585 585 2665 disputationes
610 2585 646 2645 de
670 2586 778 2646 sacellis
796 2582 965 2663 aedibusque
989 2586 1073 2645 sacris
1092 2586 1165 2646 Oui-

67 2676 158 2735 dianis
177 2676 292 2753 adieris,
310 2679 463 2757 intelliges,
483 2700 545 2738 cum
566 2679 764 2738 uniuscuiusuia
783 2676 961 2737 dedicationis
979 2696 1063 2737 causa
1079 2677 1163 2739 ferias

66 2769 157 2828 fuisse
175 2780 252 2828 certo
272 2781 390 2848 constet,
409 2791 478 2850 quas
493 2772 630 2832 addiderit
642 2771 774 2830 Ouidius:
792 2772 815 2831 si
831 2788 904 2848 quae
917 2772 1064 2850 utrobique
1081 2764 1165 2832 omis·

66 2881 116 2921 sae
136 2872 217 2938 sunt,
240 2865 366 2942 proxima
385 2869 403 2939 §
423 2868 647 2926 recensebantur.
687 2866 784 2943 ltaque
803 2864 919 2921 maiores
936 2862 1020 2924 serias
1038 2868 1165 2946 appella·
1215 2913 1218 2918 -

67 2955 156 3013 uerim
177 2972 239 3029 eas,
266 2976 383 3035 quarum
402 2961 552 3037 peculiaria
569 2961 679 3019 nomina
696 2977 759 3016 cum
781 2958 809 3015 in
828 2956 907 3014 fastis
925 2957 1084 3015 marmoreis
1103 2959 1165 3035 qui·

66 3048 163 3106 busuis
189 3048 361 3126 indicantur,
388 3062 446 3111 tam
473 3048 636 3112 aVarrone¹
654 3052 690 3110 de
709 3053 728 3110 l.
747 3051 767 3110 Ι.
787 3053 818 3126 6,
839 3042 965 3108 12-23
984 3050 1165 3127 explicantur.

67 3140 175 3199 Earum
194 3145 314 3202 omnium
333 3163 472 3224 peraeque
490 3149 603 3224 insignis
622 3146 676 3205 suit
695 3154 828 3219 uetustas,
847 3145 870 3202 si
888 3143 1041 3201 discesseris
1059 3145 1096 3201 ab
1108 3149 1165 3202 Au·
1269 3142 1272 3149 ’

68 3235 222 3310 gnstalibus
240 3236 279 3295 lV
298 3236 338 3296 ld.
359 3236 437 3314 Oct,
463 3258 535 3317 quae
563 3240 684 3298 obnoxia
708 3238 770 3296 aeui
790 3235 921 3296 Ouidiani
938 3236 1062 3314 prauitas
1079 3238 1165 3296 iuter·

67 3327 172 3403 posuit.
211 3312 389 3407 Reliquorum
409 3329 498 3390 nullas
512 3333 565 3391 Cn.
579 3333 689 3405 Flauio,
709 3333 791 3389 immo
810 3329 928 3388 sonasse
947 3329 1037 3388 nullas
1055 3330 1166 3392 decem·

67 3420 137 3476 uiris
157 3421 261 3497 legibus
280 3424 430 3482 scribendis
449 3437 557 3484 constat
576 3445 636 3485 esse
657 3425 840 3483 recentiores:
859 3423 960 3502 partim
981 3423 1102 3484 ultimam
1122 3435 1165 3484 at·

67 3514 179 3588 tingunt
197 3515 398 3592 antiquitatem,
418 3522 517 3596 partim
534 3539 588 3577 non
608 3520 690 3595 longe
704 3516 836 3576 differunt
852 3519 1031 3577 aminnribus
1050 3526 1167 3599 propter

68 3605 237 3683 templorum
255 3606 442 3668 dedicationes
461 3631 496 3670 ex
514 3613 545 3672 S.
566 3615 600 3671 C.
620 3613 786 3690 plerumque
809 3612 934 3670 inductis.
973 3612 1048 3672 Nam
1068 3623 1097 3672 et
1115 3606 1167 3672 n'ti·

68 3716 132 3754 rum
153 3709 213 3772 est,
233 3709 263 3757 et
281 3712 387 3760 certum
406 3704 554 3782 Megalesia
574 3715 603 3764 et
621 3705 758 3781 Floralia,
784 3724 857 3784 quae
876 3715 984 3765 constat
1001 3706 1112 3765 saeculo
1131 3705 1168 3764 ab

68 3793 107 3851 V.
129 3793 164 3851 C.
182 3803 260 3853 sexto
280 3796 403 3855 instituta
423 3817 494 3874 esse,
514 3817 681 3877 quamquam
700 3800 794 3878 priora
813 3818 830 3858 a
851 3800 976 3859 Varrone
994 3799 1076 3875 §15,
1094 3799 1167 3858 scili-

69 3893 116 3941 cet
134 3897 250 3964 propter
268 3888 397 3947 ludorum
415 3890 473 3949 dies
492 3890 603 3950 deermn
623 3912 711 3953 onaan
728 3895 887 3966 institutos,
902 3896 1100 3965 'recensentnr,
1119 3909 1168 3950 en·
1185 3896 1189 3902 '

68 3977 135 4035 dem
155 3980 237 4040 modo
256 4001 290 4039 ac
309 3985 428 4062 reliquos
447 3986 476 4042 in
495 3984 572 4042 lastis
598 3987 677 4045 nullis
696 3987 849 4065 perscripta
867 3985 971 4043 haberi.
1011 3983 1169 4042 Nouissima

68 4069 155 4144 igitur
172 4082 237 4131 sunt
251 4075 418 4151 Fordicidia,
436 4078 584 4148 Liberalia,
604 4079 740 4141 Cerealia.
779 4076 936 4135 Fordicidia
954 4078 978 4135 si
995 4078 1103 4136 Telluri
1122 4095 1168 4134 re-

67 4160 247 4242 cidebantur,
273 4177 357 4245 prout
383 4169 449 4228 dicit
467 4167 585 4230 Ouidius
603 4173 633 4249 4,
649 4171 722 4243 665,
750 4189 834 4250 quarn
858 4186 1031 4249 receptent
1056 4166 1168 4235 dubiam
