2550 4574
434 261 553 313 resno!
569 260 774 339 ἸΝΟΟΒΡΞΒῙΤ
1073 261 1159 311 cclv

51 426 148 494 sunt,
171 433 262 497 prope
280 368 391 494 oportet
408 414 503 476 Ouidii
529 417 620 476 locum
646 417 777 495 scriptum
802 429 864 477 ecee
885 409 952 477 jdu·
971 412 1057 475 lulius
1073 432 1159 479 cauto

56 513 156 590 agitur
173 512 225 569 sub
244 511 327 568 finem
346 510 411 567 anui
430 509 499 569 752.
532 510 673 569 Prioribus
692 509 814 575 eiusdem
832 507 900 578 coni
915 508 1054 567 mensibus
1068 508 1157 571 Patris
1236 512 1243 530 ·

57 606 172 685 patriae
190 621 343 680 cognomen
364 603 392 660 iu
405 604 558 680 Augustum
577 604 717 674 collatum,
737 603 802 662 uide
818 619 903 681 supro
921 620 951 678 p.
963 617 1022 657 uxr
1040 609 1070 660 et
1082 601 1159 659 llam

59 701 100 759 tis
113 698 218 757 Vltoris
237 696 368 772 templum
385 695 554 773 dedicatum,
574 696 638 755 uide
657 716 687 774 p.
698 710 837 754 cxxxnr‘
851 704 881 754 et
898 694 996 753 Vellei.
1015 693 1070 752 loc.
1089 693 1159 770 iud„

60 793 219 870 dequibus
238 791 320 848 rebus
345 790 402 866 egit
427 800 512 868 poeta
530 790 787 863 2‚119-144st
806 787 837 862 5,
850 786 1025 845 ool-598.
1062 784 1160 845 Priore

61 887 96 944 in
113 887 176 943 loco
196 904 223 941 u.
239 887 293 940 13³
318 899 351 941 ea
379 883 558 959 indicantur,v
577 902 650 962 quae
673 882 748 961 apud
772 881 889 940 Dionem
909 882 989 940 Cass.
1009 897 1083 937 anuo
1101 882 1159 938 747

61 980 115 1037 lib.
128 978 213 1052 55,6
232 987 262 1035 et
276 980 310 1034 8:
328 966 421 1060 coine
440 963 497 1034 cosi
518 973 680 1056 ιιαιμηρίοα
701 970 772 1054 ὅρια
791 966 941 1050 ἓπηύξησε
959 1003 998 1018 -
1016 965 1046 1029 oi
1065 967 1100 1030 δὲ
1118 965 1160 1048 δι)

61 1067 192 1142 §nonnul
211 1067 401 1146 ἐπιμελητῶν
422 1088 513 1128 τινων
533 1065 566 1128 ἐκ
585 1069 642 1128 τοῦ
661 1059 787 1145 δήμου,
801 1060 855 1135 oiic
874 1064 923 1124 uui
944 1058 1161 1141 ςεναιιιάρχαας

62 1164 233 1241 καλοῦμεν·
251 1198 290 1208 -
309 1158 409 1221 καίτοι
428 1160 480 1222 καὶ
498 1159 617 1223 ἐκείνων
637 1158 763 1221 καὶτῶν
779 1151 946 1238 δημάρχων
966 1159 1025 1219 τῶν
1036 1178 1069 1218 τι
1081 1177 1160 1234 ςρα-

61 1258 167 1338 τηγῶν
180 1257 282 1317 πᾶσαν
294 1248 352 1333 τὴν
370 1247 460 1315 πόλιν
475 1253 518 1326 εἷς
533 1252 744 1331 δεκατέσσαρα
754 1248 833 1332 μέρη
847 1253 1034 1330 stupeam
1054 1248 1159 1334 κλήρῳ
1184 1334 1186 1339 ¹

62 1341 314 1432 προςαχθένταιιι.
354 1351 570 1420 Quatuordecim
591 1352 719 1430 regiones
742 1368 808 1407 uum
830 1357 895 1407 tuuc
914 1349 1033 1425 primum
1051 1349 1159 1408 institu-

61 1458 113 1507 tae
130 1447 249 1521 suerint,
272 1447 426 1524 ignoratur.
463 1445 570 1504 Earum
589 1464 645 1504 uua
663 1443 865 1520 assignificatur
882 1442 958 1520 apud
978 1441 1109 1500 Ouidium
1127 1446 1159 1520 4,
1175 1453 1194 1465 “’

60 1541 103 1600 51
123 1541 208 1610 locun
227 1539 256 1598 ln.
273 1558 300 1598 e.
319 1540 396 1616 regio
414 1538 479 1596 Xlll
498 1555 515 1595 a
533 1547 628 1596 monte
647 1538 785 1596 Auentino
809 1535 928 1595 diuersa.
966 1539 1038 1595 Ante
1056 1554 1159 1601 ennom
1246 1611 1249 1618 Ι

60 1635 125 1693 757
143 1634 238 1712 scripti
255 1642 321 1693 sunt
339 1651 435 1691 uersus
452 1637 484 1706 2,
499 1632 619 1706 9-14,
643 1631 709 1708 quia
727 1630 849 1688 militaris
867 1638 944 1688 aetas
967 1648 1042 1688 anno
1060 1631 1161 1690 aetatis

62 1725 278 1805 quadragesimo
296 1737 376 1784 sexto
396 1725 586 1794 definiebatur,
606 1724 671 1783 uide
689 1742 759 1802 quos
776 1721 907 1781 indicauit
921 1723 1051 1782 Creuzer.
1066 1743 1160 1802 comp.

63 1829 126 1878 aut.
146 1838 188 1877 ro.
208 1822 236 1892 5.
247 1821 316 1877 224.
360 1819 483 1877 onrem
508 1820 616 1877 tertiam
641 1826 690 1876 aut
712 1817 846 1893 duxerat,
872 1826 921 1893 aut
944 1817 1076 1876 ducturus
1099 1827 1161 1878 crat

62 1922 153 1992 poeta
175 1932 238 1972 curn
260 1913 313 1971 sub
338 1911 423 1970 finem
447 1913 509 1970 libri
533 1912 604 1971 sexti
628 1913 738 1990 scripsit
764 1911 800 1970 de
823 1911 928 1970 Marcia
950 1911 1030 1969 Fabii
1041 1912 1160 1971 ‘Maximi

64 2025 170 2066 uxore:
189 2006 252 2065 uide
270 2005 353 2064 Pont.
368 2010 439 2081 8,1,
452 2007 507 2080 753
523 2009 572 2065 78.
610 2007 699 2064 Filiae
718 2006 833 2082 nuptiae
851 2022 923 2082 quae
941 2023 1160 2064 commemorau-

64 2112 114 2159 tur
126 2103 157 2176 6,
168 2103 226 2158 219
236 2119 308 2178 sqq„
318 2118 407 2179 aeque
427 2104 497 2158 bene
515 2102 621 2177 primae
640 2107 689 2157 aut
707 2097 847 2158 secundae
865 2117 925 2157 esse
944 2107 1068 2177 possunt,
1087 2099 1159 2159 trist·

65 2196 99 2270 4,
114 2198 161 2270 10,
171 2197 222 2269 76,
245 2194 312 2252 nmil
331 2193 477 2252 conserunt
496 2195 533 2252 cd
551 2193 683 2270 temporis
701 2193 894 2268 coguitionem.
934 2190 993 2250 Sed
1013 2209 1109 2251 uersus
1127 2194 1162 2267 4,.

66 2291 126 2348 348
143 2289 167 2346 si
186 2296 262 2347 recte
284 2288 423 2366 disputaui
442 2306 527 2365 supra
547 2306 576 2365 p.
586 2303 668 2359 xcv,
686 2286 769 2344 scribi
785 2304 844 2344 non
863 2285 954 2362 potuit
971 2293 1037 2344 ante
1055 2303 1159 2345 aunum

66 2384 139 2442 rous
159 2382 246 2439 simile
264 2380 331 2458 quid
350 2381 387 2439 dc
405 2382 475 2440 aede
490 2381 600 2440 Cereris
618 2380 720 2438 dictum
738 2387 781 2436 est
800 2397 828 2456 p.
840 2396 933 2438 χιιι.
961 2378 1042 2438 Vers.
1059 2381 1088 2451 4,
1101 2382 1163 2440 584

66 2476 200 2551 scriptum
219 2493 280 2533 esse
298 2484 361 2552 post
374 2493 400 2533 a.
411 2477 466 2532 741
479 2474 561 2534 docet
574 2475 627 2532 Dio
640 2474 690 2547 54,
699 2475 749 2546 26,
768 2491 831 2530 cum
845 2491 899 2531 uon
914 2475 1001 2531 multo
1016 2483 1082 2533 ante
1100 2475 1160 2533 exi·

66 2569 135 2626 lium
149 2588 208 2626 rem
221 2578 325 2646 gestam
341 2569 431 2644 colligi
446 2567 664 2646 fortasse'possit
676 2585 712 2624 ex
723 2566 807 2625 Pont.
822 2572 852 2642 8,
861 2567 892 2641 5,·
901 2571 950 2625 23.
976 2567 1021 2626 De
1034 2569 1160 2627 uersibus
1245 2626 1247 2631 .

67 2666 98 2734 3,
111 2664 275 2720 879-882
294 2663 332 2720 ita
351 2661 518 2739 disputatum
538 2671 581 2718 est
598 2679 682 2739 supra
703 2680 733 2739 p.
744 2678 849 2735 xum,
869 2670 902 2719 ut
920 2661 971 2719 nisi
989 2660 1071 2720 fallor
1089 2681 1160 2740 pro-

67 2756 186 2814 babilius
210 2756 246 2814 sit
263 2774 321 2813 rem
341 2753 452 2812 indicari
470 2757 547 2814 initio
567 2757 626 2816 eius
646 2757 712 2814 anni
730 2764 853 2832 gestam,
879 2774 936 2831 quo
960 2754 1099 2830 relegatus
1116 2763 1161 2815 est

68 2847 200 2924 Ouidius,
218 2867 301 2927 quem
319 2848 450 2907 illustrari
467 2848 597 2908 seriarum
609 2858 711 2908 ⁴uotam
729 2851 757 2907 iu
776 2849 854 2907 sestis
872 2847 952 2906 Mrff.
971 2848 1011 2905 Vl
1024 2845 1075 2905 ΚΡ
1090 2850 1174 2925 Ape:

67 2943 131 2999 Hoc
149 2943 224 3001 euim
241 2945 361 3001 animum
381 2941 472 3000 induci
491 2962 547 3002 non
566 2952 659 3022 potest
676 2943 727 3001 nisi
745 2943 857 3000 remotis
874 2943 998 3001 uersibus
1017 2943 1086 3016 876,
1101 2943 1167 3000 877.

66 3044 186 3112 propter
202 3037 234 3109 4,
250 3037 426 3093 eol—904.
465 3038 549 3115 Atqui
567 3037 649 3096 docui
672 3054 703 3114 p.
718 3053 842 3110 nxxm,
858 3052 973 3125 ιιιιιι,
996 3034 1050 3093 utri
1075 3033 1160 3093 fidem

67 3137 235 3188 mereantur.
273 3129 318 3186 le
342 3128 386 3186 his
410 3128 494 3187 modo
513 3130 660 3208 propositis
686 3148 748 3187 cum
773 3131 907 3206 pleraque
931 3129 1088 3187 coniectura
1105 3128 1176 3186 sintx

67 3220 251 3296 inuestigata,
278 3240 312 3281 ea
332 3224 461 3298 grauiora
480 3223 622 3297 existimo,
647 3240 720 3299 quae
738 3221 887 3282 ostendunt
906 3216 1160 3281 Ouidium'nllimie

67 3314 241 3391 potissimum
267 3326 332 3374 aute
357 3312 552 3391 relegationem
571 3316 651 3374 annis
674 3317 849 3373 immoratum
868 3333 928 3374 esse
946 3314 988 3375 his
1009 3315 1102 3375 librisr
1127 3323 1160 3380 ut
1267 3308 1269 3312 ’

68 3424 127 3463 non
146 3410 218 3466 male
241 3409 367 3487 plerique
386 3409 601 3467 existimauerim
623 3411 659 3467 ab
681 3427 755 3466 anuo
773 3409 831 3467 755
850 3418 965 3488 coeptos
983 3428 1044 3468 esse
1062 3409 1170 3482 lastos,.

68 3502 116 3577 qui
135 3501 240 3559 medius
264 3513 305 3560 est
331 3505 403 3560 inter
427 3503 545 3579 primam
570 3501 789 3560 informationem
815 3510 844 3561 et
869 3522 963 3561 curam
982 3505 1160 3563 seueriorem.

67 3593 171 3652 Nescio
191 3604 338 3654 tamenau
357 3596 386 3653 hi
405 3597 521 3654 maxime
540 3595 568 3653 id
580 3595 782 3673 ‚spectauerint,
801 3595 877 3672 quod
895 3599 965 3655 crist.
978 3603 1010 3672 2,
1022 3598 1080 3655 549
1098 3604 1172 3674 poct-
1229 3662 1233 3666 ,

68 3690 204 3746 amatoria
221 3688 357 3748 fastorum
376 3690 468 3767 priore
487 3690 567 3760 loco,
593 3706 676 3766 quam
695 3689 953 3768 metamorphoseon
972 3692 1034 3750 libri
1051 3707 1171 3768 ponun·.

68 3790 130 3840 tur:
158 3781 233 3859 quod
252 3783 314 3841 ideo
333 3782 382 3857 fit,
405 3784 471 3860 quis
489 3784 527 3842 illi
545 3785 661 3862 propius
679 3782 716 3840 ad
734 3780 873 3861 publicum
892 3786 1042 3844 carminum
1061 3802 1160 3862 genus,

68 3876 145 3953 quod
163 3877 288 3954 flagitare
306 3878 450 3934 consueuit
469 3877 618 3953 Augustus,
636 3878 815 3948 accedebant,
833 3895 917 3956 quom
937 3887 986 3936 aut
1006 3876 1173 3955 tragoedia,.

68 3979 119 4027 aut
131 3970 379 4049 metamorphoses,
398 3989 467 4048 quas
486 3975 548 4026 cum
562 3970 659 4028 eodem
678 3969 738 4028 fere
757 3980 883 4047 tempore
901 3971 1053 4049 incoepisse
1068 3972 1163 4030 uides·

69 4072 116 4119 tur
133 4075 230 4141 poeta,
249 4064 361 4120 dubium
382 4065 428 4120 uix
447 4073 500 4138 est,
520 4064 585 4139 quin
605 4065 760 4143 diligentius
779 4064 856 4121 fastis
875 4064 1070 4124 elaborauerit.
1100 4063 1162 4128 Sci·

69 4156 132 4215 licet
157 4159 209 4215 nisi
233 4159 292 4234 ipse
316 4158 377 4215 loco
403 4158 474 4215 trist.
494 4156 614 4216 indicato
631 4168 663 4218 et
682 4159 894 4234 1·‚7,14;28;
914 4162 968 4233 303
987 4162 1026 4217 40
1044 4164 1159 4234 negaret
