2550 4574
97 274 102 292 .
136 210 275 296 cccxxx
363 256 366 264 ·
514 230 845 314 cunn.'1³,11,²1¹,A,

140 416 194 460 nor
203 399 286 479 culpe
298 405 341 458 est
352 414 437 479 quem
451 415 526 475 mea,
544 400 591 476 qui
611 388 667 456 don
681 396 805 456 dubitaui
822 396 851 456 in
866 396 961 476 primis
970 386 1145 475 'praesertim
1162 397 1236 457 iibric

140 495 180 553 illi
198 494 360 571 scripturam
380 491 505 551 editionis
524 493 622 551 Elzeu.
642 493 734 568 1629,
759 491 796 550 ad
819 510 903 569 quam
922 500 1018 551 omnet
1036 484 1108 549 ⁴suos
1128 491 1235 550 codices

141 588 257 647 contulit
269 586 408 661 Heinsius,
427 586 591 645 attribueret
610 584 728 664 posthac
742 586 790 643 ubi
801 586 919 662 suspicio
931 584 1049 644 subnata
1069 593 1113 643 est
1131 584 1235 662 pirron-

55 750 59 757 ,
139 676 219 740 tidai
237 679 326 757 posui.
364 678 409 738 De
426 687 519 738 aetate
538 680 659 738 omnium
679 679 745 738 nibil
764 679 1079 761 praeterconiecturam
1097 694 1213 755 sequor.

95 806 98 813 ·
217 776 333 848 16,17.
371 772 478 832 Littera
496 777 524 831 P
541 772 654 853 intelligi
674 771 750 831 uolui
767 773 982 832 Puteaneurn
1000 772 1170 850 primum,
1188 771 1237 850 qni

139 865 178 923 ab
195 865 308 925 Heinsio
332 867 372 925 ita
396 867 571 944 designatum
597 858 880 925 codem-Putsurrocus
903 884 963 925 cors
976 864 1070 925 ‘coldo
1094 867 1237 943 entim

17 953 20 958 ’
139 961 188 1035 «μί
199 962 301 1019 tristia
325 967 353 1019 et
376 959 463 1020 libros
487 978 523 1020 cc
541 964 634 1019 Ponto
652 958 770 1019 bubulci
789 976 927 1030 carmos,
953 957 1001 1019 ssd
1019 957 1136 1016 dium
1150 974 1237 1017 m

139 1055 273 1130 scriptos,
297 1055 327 1111 in
352 1056 479 1133 catalogo
505 1055 571 1112 bibl.
599 1064 658 1129 reg.
681 1052 843 1110 Periclensis
861 1057 963 1129 partit
983 1054 1084 1110 tomi
1103 1054 1236 1110 mdffltic

140 1144 200 1204 cod.
218 1145 615 1207 mouban-olimi’oiscuus
632 1144 707 1219 [αεὶ.
722 1149 796 1204 trist.
815 1149 899 1205 Porti.
917 1163 989 1204 coeo.
999 1148 1088 1205 xrfl.
1101 1146 1105 1151 ’
1119 1142 1239 1204 hum

140 1234 181 1296 H
195 1238 322 1317 insigniui
339 1239 551 1298 Poteoneum
577 1238 784 1312 secundum,
809 1237 846 1296 de
870 1257 927 1316 quo
946 1232 1090 1296 Heinsiusc
1120 1238 1195 1300 ultor
1212 1258 1236 1299 o.
1267 1301 1271 1310 ,

139 1334 175 1391 P.
197 1334 245 1408 qtti
269 1331 411 1391 umoribus
435 1331 631 1405 utliicicbotur,
659 1338 725 1391 uoto
749 1349 840 1390 cocos
860 1331 1076 1408 quodrioqoo'ios
1090 1335 1238 1412 ,πήρης

139 1424 365 1484 membranaceus
383 1435 413 1485 et
431 1426 554 1485 eiusdem
572 1426 674 1483 aetatis»
691 1423 809 1482 traditur
827 1425 855 1481 in
871 1433 925 1482 cat.
936 1423 1003 1483 Per.
1020 1442 1051 1482 n.
1062 1426 1152 1484 8246.
1179 1426 1239 1485 De·

139 1525 205 1575 sont
223 1518 251 1575 in
265 1508 324 1576 ¹boc
342 1518 398 1577 diro
417 1519 483 1578 folia
503 1527 566 1597 post
584 1521 692 1593 isidi
716 1528 745 1576 et
769 1518 807 1577 ib.
826 1521 895 1593 692,
915 1505 1073 1577 ubiit'amert
1090 1517 1239 1598 aliquoties

139 1609 322 1690 pencriptum
337 1613 430 1671 inueni
449 1613 477 1671 iu
491 1613 596 1672 Heinsii
612 1611 730 1671 schedis.
762 1611 890 1690 Vterque
908 1612 1028 1690 uulgaris
1045 1614 1193 1672 commatis
1210 1623 1240 1673 et

139 1703 261 1762 incertae
280 1705 372 1783 stirpis
390 1706 460 1765 liber
478 1715 531 1765 est.
622 1714 626 1723 '
896 1698 899 1703 ¹

217 1799 265 1854 18.
294 1788 389 1876 'Signo
407 1795 704 1859 litterariorum
727 1798 927 1859 secundum
944 1798 1098 1876 intelliges,
1120 1796 1165 1873 ,de
1179 1817 1240 1879 qno

139 1886 296 1951 Heinsinsr'·
309 1895 431 1973 'turiptuo'
449 1898 513 1953 uoto
531 1894 590 1951 400
608 1908 714 1965 mous,
733 1908 812 1968 quotu
830 1910 879 1970 eqo
895 1899 993 1971 muso
1012 1892 1125 1953 mutuli·
1163 1892 1241 1952 Nam

139 1988 272 2063 'excerpta
290 1995 438 2064 occeperat
452 2004 471 2045 a
483 1972 641 2046 Grononib;
673 1986 767 2047 Credo
780 1987 957 2045 Heineianam
977 1986 1164 2067 collationem,
1180 2006 1241 2046 non

140 2077 350 2139 Gronuuianam
366 2098 412 2138 me
431 2079 573 2139 habuisses
601 2079 774 2138 buius-enim
794 2089 851 2139 tum
870 2081 1019 2159 copiosae,
1042 2089 1075 2139 ut
1093 2088 1156 2156 est,
1180 2098 1243 2140 non

138 2172 230 2232 solent
248 2192 317 2234 esse.
355 2173 477 2233 Melioris
488 2162 581 2233 ¹uotae
598 2166 820 2252 inter-aequales
838 2193 904 2233 suos
922 2185 974 2235 est.
1114 2204 1117 2209 ·

217 2268 263 2323 19.
285 2266 377 2326 Nota
394 2264 427 2325 A
449 2266 587 2326 indicatur
613 2267 698 2327 codem
720 2269 879 2344 Regios,
905 2277 938 2327 ut
963 2268 1091 2326 Heinsius
1115 2268 1241 2346 reliquit,

139 2360 186 2433 qui
205 2362 300 2418 oracio
322 2361 416 2420 Ouidii
435 2379 519 2440 opero
538 2360 708 2438 manebat,
735 2358 854 2419 ciusdem
877 2361 938 2436 scre
954 2363 1056 2422 astutis
1074 2379 1137 2420 usuc
1153 2378 1244 2438 supe-

137 2449 266 2522 rioribus,
286 2453 315 2510 b.
326 2472 352 2512 e.
367 2462 487 2533 utroque
497 2453 650 2525 Puteaneo,
669 2457 746 2513 cuius
759 2455 823 2512 acui
834 2462 863 2511 et
876 2455 1100 2513 membranaceos
1113 2455 1144 2514 in
1155 2456 1243 2514 catal.

139 2542 205 2600 bibl.
225 2544 385 2604 Parisiensis
404 2565 433 2605 n.
444 2548 520 2604 7993
540 2547 629 2606 codex
648 2555 888 2606 commemoratur.

166 2673 168 2677 ·
214 2640 262 2694 20.
299 2638 469 2697 Beruensem
488 2637 611 2697 codicem
625 2626 663 2696 ’Σ
679 2641 818 2718 signatum
837 2639 952 2698 contulit
968 2656 1044 2698 enno
1064 2643 1143 2698 1718
1158 2641 1242 2702 Hier.

80 2798 83 2803 ¹
137 2727 286 2788 Stettlerus
305 2742 334 2790 et
352 2750 480 2809 magnam
501 2730 669 2809 diligentiam
689 2751 772 2811 quam
792 2733 946 2792 adhibuerit
965 2720 1081 2791 testatus
1099 2743 1160 2808 eet,
1178 2734 1242 2795 uid.

137 2823 227 2901 praef.
242 2825 312 2886 trist.
327 2845 356 2904 p.
366 2842 483 2884 xxvnc
503 2826 660 2904 quaemihi
679 2827 817 2886 interdum
837 2826 965 2884 ineruditi
984 2825 1099 2884 bominis
1117 2844 1174 2886 nec
1193 2847 1243 2886 sa·

137 2918 172 2976 tis
192 2921 386 2979 exercitatione
404 2918 537 2979 aduersus
555 2920 698 2980 oculorum
716 2920 919 2998 digitorumque
936 2919 1050 2978 fraudes
1063 2921 1164 2978 muniti
1177 2923 1243 2980 uice

137 3020 190 3071 est.
227 3011 330 3073 Diflert
346 3014 375 3072 in
394 3014 442 3072 tali
460 3030 502 3083 rc,
521 3012 583 3090 quis
601 3012 753 3091 delinquat.
783 3014 891 3088 Codex,
911 3031 993 3091 quem
1013 3015 1243 3089 ootbusiesiostno

137 3111 166 3163 st
183 3110 316 3184 mimum
335 3107 573 3171 moubroocootun
590 3108 759 3183 appellauit,
783 3108 844 3167 sine
862 3104 947 3164 dubio
971 3106 995 3164 is
1014 3115 1056 3163 cst
1075 3107 1124 3182 qui
1142 3108 1170 3164 in
1191 3125 1244 3166 ca·

137 3198 232 3276 talogo
251 3200 363 3261 Sinneri
381 3202 404 3278 l,
424 3202 520 3279 nese
538 3201 634 3259 nete
653 3199 815 3258 describitur
832 3208 862 3258 et
878 3217 953 3258 saec.
966 3198 1031 3257 Xlll
1049 3210 1242 3277 nuncupatur.

212 3297 262 3353 21.
304 3295 397 3355 voden
417 3295 697 3355 Tbuuoeos'mtto
715 3292 928 3369 qoudriuqeotos
947 3281 1037 3352 uscos
1053 3295 1177 3370 scriptus
1191 3296 1242 3373 qui

137 3381 174 3440 ab
193 3384 306 3445 Heinsio
326 3388 426 3446 dicitur
444 3396 473 3446 et
490 3405 508 3445 a
527 3404 573 3445 ma
594 3390 622 3446 d·
638 3394 751 3444 notatur
768 3387 796 3444 in
820 3387 902 3444 catal.
923 3386 990 3445 bibl.
1009 3385 1097 3443 Paris.
1118 3404 1149 3444 n.
1160 3388 1238 3444 7991

136 3475 360 3539 membranaceis
377 3484 496 3556 numum
506 3484 568 3541 loo.
577 3480 652 3556 Auq.
666 3478 787 3550 diuum,
805 3487 903 3558 poeno
919 3479 1093 3540 Goibcriious
1108 3476 1195 3536 fuisse
1208 3487 1240 3536 et

128 3568 259 3627 'eiusdem
279 3574 469 3631 aeuidicitur.
504 3573 622 3632 *Memini
640 3572 785 3653 aliquoties
804 3592 850 3632 me
870 3572 992 3631 detineri·
1006 3572 1065 3630 eius
1083 3571 1238 3648 scripturis.

211 3668 260 3723 22.
299 3665 343 3724 De
367 3665 462 3725 codice
482 3670 509 3725 H
527 3667 655 3745 signato,
680 3669 727 3745 qui
751 3675 815 3744 post
837 3670 865 3726 Ψ
882 3667 949 3750 poni
967 3662 1039 3724 solet
1063 3664 1092 3722 in
1116 3673 1239 3724 annuta-

134 3753 221 3833 tione,
240 3759 345 3818 uidebis
363 3759 435 3817 inira
453 3755 482 3818 n.
495 3762 541 3819 39.

211 3858 260 3911 23.
300 3853 390 3914 Venio
415 3853 451 3912 ad
470 3854 606 3912 sentinam
624 3872 720 3912 eorum
739 3854 891 3928 librorum,
919 3852 967 3931 qui
993 3859 1124 3910 accurate
1143 3850 1238 3910 collati

134 3953 209 4004 sunt.
248 3947 492 4019 Berollnensis
512 3948 545 4019 is,
565 3964 650 4025 quem
667 3945 684 4004 b
704 3948 811 4021 notaui,
830 3945 903 4005 idem
923 3956 965 4004 est
985 3946 1033 4024 qui
1051 3943 1143 4023 praef.
1164 3946 1236 4013 trist.

134 4058 166 4116 p·
177 4058 280 4100 xxxu
299 4040 472 4115 describitur.
503 4039 624 4100 Saeculo
639 4042 736 4118 quinto
754 4039 862 4099 decimo
882 4040 1060 4099 uetustiorem
1079 4036 1166 4096 bodie
1179 4055 1236 4093 non

134 4142 223 4211 putor
249 4135 373 4214 scriptus
385 4133 604 4197 ut'uenderetur
628 4133 738 4200 uidetur
761 4132 882 4194 maxima
899 4151 985 4213 saepe
1003 4149 1100 4194 sensus
1118 4130 1237 4204 incuria,
