2550 4574
452 243 583 291 rveovu
605 242 750 290 suctuve
1045 242 1151 295 uxxtu
1211 308 1214 313 ,

57 402 84 453 et
100 396 119 451 7
136 392 229 472 Pugni
253 412 282 474 p.
295 396 335 455 et
352 394 390 456 E.
435 397 473 454 At
497 395 610 457 Clodius
628 399 755 477 Aquilam
773 396 852 473 hat,
880 394 992 474 llyudut
1017 396 1058 457 lv
1073 395 1150 458 Non.
1220 462 1223 471 ,

10 527 12 541 .
59 486 149 547 hebet.
188 487 302 547 Scilicet
319 496 377 546 tum
396 497 463 569 upte
479 489 596 567 Aquilae
614 493 716 551 mentio
736 492 873 571 prioribus
892 508 955 548 sese
972 489 1150 568 adiungebat,

10 582 14 633 i
60 600 138 660 quem
157 580 275 639 moleste
292 581 371 639 initio
388 583 490 642 mensio
516 592 594 643 ortur
612 586 762 645 matutinus
779 584 876 643 sideris
894 583 1008 647 alienius
1025 584 1152 662 pouehe-

61 684 109 733 tur.
146 674 247 733 Mense
264 674 392 734 lennatio
411 677 555 754 posteriori
570 678 683 737 Clodius
702 688 801 756 quater
821 684 969 735 notuuerut
982 675 1084 752 Lyram
1103 694 1153 735 ue-

63 766 155 838 eidere,
174 768 257 846 eique
271 769 352 846 signo
371 769 412 828 bis
430 779 544 847 postero
559 771 604 831 die
617 772 719 830 Leonis
734 788 863 830 moenum
881 769 1055 848 metipeerut.
1081 767 1153 828 ont-

61 858 116 919 drs
133 878 214 937 uero,
233 862 281 939 qui
299 862 474 927 exultat.
493 863 530 923 ed
550 865 599 924 Vll
618 864 684 923 Knl.
705 882 773 939 non,
791 861 867 942 quod
887 870 1007 936 notaret,
1024 861 1152 937 heberet,

56 952 250 1031 (quemobrem
268 956 353 1014 etium
378 965 493 1036 praeter
515 967 677 1016 oomnetum
702 957 739 1016 de
763 957 841 1015 feriis
860 954 1028 1033 conceptiuie
1052 953 1154 1014 dooere

55 1045 198 1122 instituit)
215 1048 312 1126 elegit,
331 1051 379 1128 qui
397 1050 426 1109 in
444 1048 564 1108 medium
576 1049 606 1108 id
620 1051 739 1129 spatium
757 1049 902 1123 incideret,
920 1047 1012 1126 Lyme
1025 1065 1154 1107 mum

54 1138 170 1200 xxm
188 1140 274 1202 Febr.
296 1147 326 1217 1,
344 1144 413 1219 653,
432 1153 462 1202 et
480 1142 586 1202 addidit
604 1144 737 1222 postridie
754 1143 895 1217 Leonem,
915 1162 944 1201 u.
964 1140 1034 1217 6⁵5,
1051 1159 1155 1220 quum-

53 1234 98 1293 rir
115 1252 175 1294 nou
194 1243 279 1310 tono,
305 1235 356 1296 sed
375 1246 425 1295 unt
441 1236 590 1314 quertiduo
608 1246 692 1315 unte,
719 1247 769 1296 eut
793 1237 889 1315 quinto
915 1245 979 1316 port
996 1235 1043 1295 die
1060 1235 1155 1313 Lym

50 1325 156 1387 adue
178 1328 299 1405 legiteet.
337 1329 398 1388 Cur
414 1329 584 1409 Delphinum
603 1335 633 1406 1,
652 1331 710 1389 tut
733 1329 771 1389 ud
791 1331 819 1393 V
837 1329 879 1389 id.
899 1330 958 1391 lau.
976 1318 1115 1389 distulerit
1135 1346 1156 1389 a

48 1418 164 1496 Nouis,
187 1438 241 1479 neo
263 1421 326 1499 ipse
343 1429 458 1501 erpnto.
495 1422 633 1501 Thyonae
649 1432 777 1484 mortum
794 1422 873 1482 xvtt
891 1421 957 1481 Kui.
974 1421 1028 1482 inl.
1047 1425 1078 1500 6,
1096 1424 1154 1483 711

52 1531 114 1573 nou
131 1531 153 1572 e
170 1514 288 1590 Turno,
313 1515 364 1573 red
390 1515 427 1574 eb
451 1534 504 1594 eo,
529 1536 612 1596 quem
630 1516 807 1578 Ptolemaeus
824 1520 904 1596 p·88
921 1517 949 1575 D
966 1516 1108 1595 sequitorz
1136 1505 1155 1576 i

55 1600 202 1686 hepnpic
219 1605 282 1667 τῶν
302 1597 409 1669 item
431 1604 596 1687 irrutilet,
621 1610 770 1689 sumptiose
788 1611 909 1671 nidetm.
947 1609 1064 1669 Clodius
1081 1608 1156 1668 euim

54 1698 127 1759 nihil
149 1701 285 1761 eiusmodi
309 1702 405 1763 hebet.
448 1704 480 1763 in
504 1704 611 1764 heliato
636 1722 736 1762 ocrem
762 1700 889 1763 Pharium
916 1702 954 1761 tv
972 1701 1048 1762 Non.
1066 1703 1156 1782 April.

51 1794 88 1870 4,
108 1794 167 1853 165
183 1794 331 1855 mnniferto
350 1794 468 1856 Ouidius
485 1798 637 1858 Democriti
656 1798 742 1856 uethu
759 1807 870 1857 uerutus
888 1806 948 1872 est,
965 1814 1039 1874 quoe
1056 1794 1157 1856 eodem

50 1880 105 1947 die
130 1889 255 1948 mmor
272 1890 408 1949 Geminus
432 1894 512 1970 pult
530 1891 567 1968 B,
591 1885 779 1970 Δημοκρίτῳ
804 1883 947 1958 πλειάδες
967 1879 1157 1966 retinemur

51 1972 125 2059 ἅμα
144 1971 222 2063 rilltp
241 1975 412 2060 ἀνίσχοντι,
432 2002 489 2044 uon
507 1984 653 2059 Clodium,
669 1984 718 2063 qui
736 1983 782 2043 die
799 1985 910 2043 demum
927 1983 1056 2061 sequenti
1075 2000 1156 2042 ouon·

52 2094 120 2135 eum
133 2076 323 2154 uespertinum
338 2076 432 2140 hebet.
460 2077 492 2136 ln
510 2076 553 2136 h'u
570 2078 659 2136 tribus
678 2087 786 2136 tentum
805 2095 903 2137 reuera
922 2074 1040 2135 diroedit
1056 2075 1156 2135 eClo·

52 2169 104 2230 dio
122 2168 190 2229 dete
207 2187 304 2249 opem.
342 2171 404 2231 Ter
422 2179 580 2251 praeterea,
598 2171 645 2230 nbi
663 2172 692 2230 in
710 2170 757 2229 die
774 2188 830 2229 non
844 2168 972 2246 diroedit,
992 2177 1083 2228 ortum
1103 2188 1157 2250 pro

55 2280 177 2339 mesu,
202 2263 248 2322 nel
267 2282 395 2323 oooernm
414 2284 468 2344 pro
487 2274 568 2342 ortu,
595 2265 641 2323 nel
659 2281 778 2342 uespere
795 2281 848 2341 pro
868 2279 948 2321 mune
966 2263 1080 2341 potuit,
1102 2279 1156 2340 per

57 2371 194 2414 errorem.
231 2358 332 2416 Mirum
351 2358 380 2417 id
399 2359 488 2418 estin
507 2359 604 2432 Cane,
623 2367 681 2415 tum
700 2366 767 2414 uoto
784 2355 892 2432 ridere,
911 2354 988 2433 quod
1006 2355 1072 2413 oriri
1090 2354 1157 2413 dioit

57 2446 271 2511 tumulat
290 2454 402 2527 4,904=
422 2455 597 2528 exoriturque
615 2451 693 2509 eoois
711 2460 740 2509 et
759 2451 873 2508 neser
893 2467 946 2525 quo
963 2447 1053 2507 eidem
1070 2455 1157 2520 motor

61 2542 184 2600 excurri
207 2552 301 2622 potest
318 2544 347 2602 in
369 2544 511 2620 Hyudibus
530 2545 569 2604 Vl
587 2544 663 2602 Non.
677 2543 744 2603 Mei.
764 2544 796 2619 5,
811 2543 878 2618 165,
899 2543 974 2601 etin
994 2539 1156 2621 Ophiucho,

61 2652 143 2712 quem
157 2654 240 2694 mune
258 2655 286 2694 n.
305 2637 332 2695 d.
350 2637 390 2694 Xl
403 2636 468 2695 Kul.
484 2637 535 2696 lul.
555 2656 611 2695 uon
631 2637 813 2710 occidentem,
834 2645 865 2692 ut
883 2634 1009 2710 Clodius,
1027 2633 1078 2692 sed
1095 2652 1158 2692 sur·

61 2738 171 2804 gentem
189 2729 256 2789 lucit
274 2732 306 2806 6,
324 2733 398 2806 733,
426 2739 456 2790 et
474 2731 503 2789 in
522 2730 682 2807 madibus,
701 2750 770 2809 quus
789 2728 905 2787 Clodius
923 2745 1005 2786 mane
1022 2729 1063 2788 vt
1080 2727 1156 2786 Nou.

63 2820 139 2898 liti,
157 2821 276 2883 Ouidius
293 2824 392 2884 eodem
411 2824 458 2883 die
477 2826 586 2902 uesperi
606 2835 700 2886 narret
717 2824 818 2883 exoriri
836 2823 867 2896 ὁ,
884 2824 952 2905 763.

136 2916 181 2976 De
199 2916 241 2975 his
263 2919 394 2977 hactenus
413 2918 557 2996 disputatis
574 2917 629 2975 ium
642 2917 828 2992 uunoiudiou,
847 2915 950 2973 satisne
967 2912 1158 2973 demonstrent

67 3009 101 3068 ud
117 3029 201 3069 onom
225 3013 396 3089 potissimum
423 3021 563 3069 auctorem
590 3009 766 3070 referendum
793 3027 854 3068 esse
874 3006 1019 3067 Ouidium.
1056 3003 1101 3063 De
1123 3006 1157 3063 iis
1181 3044 1184 3051 -

69 3120 141 3179 uero,
158 3124 232 3183 quoe
249 3116 366 3181 restant,
385 3108 531 3184 quominus
549 3105 585 3164 de
603 3104 679 3162 omui
697 3113 860 3182 argumento
879 3099 1063 3159 astronomioo
1081 3096 1158 3176 apud

73 3192 195 3254 Ouidium
215 3198 378 3269 dixerimus,
397 3218 452 3257 non
472 3210 538 3257 unte
557 3199 689 3272 iudicato,
708 3214 790 3273 quum
812 3213 847 3252 ert
866 3193 975 3270 legeris,
995 3210 1069 3270 quae
1086 3191 1160 3250 inlru

74 3288 105 3346 de
119 3291 248 3350 librorum
273 3294 397 3371 quinque
421 3293 606 3371 posteriorum
625 3288 723 3349 Ouidii
748 3287 910 3346 condicione
935 3287 1159 3366 disputabuntur.

76 3379 137 3440 Sunt
155 3386 229 3442 enirn
249 3404 345 3444 uersus
362 3386 399 3444 de
417 3386 551 3444 sideribus
570 3385 599 3441 in
619 3383 717 3459 festis,
737 3383 784 3461 qni
804 3381 927 3459 expressi
944 3390 1010 3439 suut
1027 3398 1063 3438 ex
1084 3399 1160 3437 oom-

77 3478 225 3535 montariolo
244 3479 348 3553 Tusci,
366 3479 415 3536 sed
435 3497 490 3536 nou
509 3497 560 3536 suo
580 3478 641 3534 loeo
660 3477 715 3554 legi
735 3476 864 3535 uidentur
883 3475 986 3532 etalio
1005 3474 1071 3532 olim
1090 3491 1161 3551 per-

80 3567 213 3629 tinuerunt.
252 3572 341 3632 Plane
360 3572 502 3628 mirificum
522 3566 588 3627 illud
608 3578 667 3639 est,
687 3570 762 3648 quod
781 3580 947 3649 postquam,
967 3569 1008 3626 uti
1026 3566 1160 3645 oporwit,

81 3676 159 3720 mense
176 3664 288 3740 Martio,
308 3665 360 3724 Vll
376 3665 441 3723 Kal.
460 3664 559 3742 April,
577 3663 780 3739 aequinoctium
801 3681 916 3720 uernum
935 3661 1161 3721 commemorauit

83 3754 108 3821 3,
121 3757 185 3826 877,
210 3777 267 3836 quo
286 3757 332 3817 die
350 3757 419 3816 iliud
439 3777 494 3816 non
512 3755 623 3835 quidem
642 3757 731 3815 Varro
751 3776 774 3815 r.
795 3766 864 3814 rust.
884 3762 914 3831 l,
932 3759 971 3812 28
990 3765 1020 3814 et
1038 3753 1161 3812 ldelerus

85 3847 175 3924 pllio,
192 3850 242 3909 sed
261 3860 354 3908 temen
373 3850 488 3909 Clodius
508 3851 607 3921 habet,
625 3849 727 3909 deinde
745 3848 846 3908 eodem
862 3849 980 3928 proximi
997 3848 1098 3909 mensio
1116 3846 1162 3906 die

86 3931 237 4004 hebuber
254 3944 319 4003 inde
338 3963 356 4003 e
374 3964 403 4004 u.
417 3946 491 4004 9012

264 4041 324 4098 Seu
341 4037 388 4096 ull
406 4057 476 4115 quoe
492 4043 599 4097 teutuoi
617 4036 691 4096 lucos
708 4034 817 4113 Aprili·
835 4033 951 4107 habehit,

314 4134 351 4194 ltt
366 4132 456 4194 tedio
474 4149 556 4192 utrm
574 4137 700 4211 tompore
715 4131 790 4191 uerte
807 4134 899 4201 eunte
953 4185 958 4200 ,
