2550 4574
58 206 63 223 Ι
95 242 177 290 xxvi
442 242 615 290 vtn'rotttas
637 246 665 289 C·
687 245 839 297 CAESAHiS

94 387 200 463 αὐτοῖς
219 388 288 453 δέον
307 386 342 452 ds
361 386 536 468 ὠνόμασαν.
581 394 666 453 Νοοο
684 394 758 453 anibi
783 396 870 473 magis
893 396 988 474 placet
1010 397 1069 455 ista·
1088 395 1193 474 scripta

93 506 163 549 esse⁴
173 498 236 566 post
255 506 357 546 annum
369 490 437 563 792,
457 498 574 566 propter
587 498 690 548 metum
706 489 861 566 Caligulae,
879 489 997 566 qnando
1012 490 1036 547 is
1055 488 1113 548 τοῦ
1122 481 1195 547 Ἅι·

17 642 19 649 ,
92 579 204 642 naalon
217 581 337 656 μᾶλλον
355 573 376 658 ἢ
396 581 451 640 τοῦ
463 574 629 660 Αὖγούςοιι
649 575 801 660 ἀπόγονος
816 579 915 643 δοκεῖν
933 576 1089 660 ἠθέλησεν
1106 573 1192 658 οἶνοι,

91 677 146 735 Dio
165 676 214 751 59,
233 680 281 733 20.
319 678 356 734 At
375 664 524 754 nugatores
543 677 582 735 illi
602 679 688 735 nostri
713 685 802 734 toturn
820 677 848 734 id
869 679 969 737 lemma
988 675 1118 754 sequenti
1137 675 1191 735 dist

91 772 231 847 assignare
248 769 412 829 maluerunt.
444 770 531 828 Aldus
549 771 632 847 igitur
644 768 756 828 seinata
768 771 947 848 caeteroquin
962 769 1108 827 marmoris
1124 768 1190 826 seri·

69 882 73 896 ·
91 871 174 941 ptura
192 871 221 921 et
239 865 433 941 supplemento
448 881 484 920 ex
501 861 656 939 fragmento
672 865 889 942 Capranicorum
905 865 1008 943 petito:
1026 862 1088 921 FC.
1103 854 1188 918 FER.

90 954 183 1015 HOC.
196 955 271 1014 DlE.
288 957 323 1014 C.
345 955 503 1015 CAESAR.
523 955 639 1014 VlClT.
659 958 755 1016 HlSP.
773 958 858 1017 ferias
875 957 1005 1016 comitiali
1023 955 1070 1013 die
1089 952 1187 1011 indicit.

88 1050 223 1128 Sequitur
240 1048 416 1125 Marcelline,
441 1050 491 1109 sed
516 1069 578 1108 cum
598 1051 722 1109 Grutero
747 1063 887 1128 postrema
913 1052 1000 1111 uerba
1016 1043 1189 1122 transponit.

88 1146 142 1203 Alii
160 1143 260 1226 deinde
279 1153 395 1221 propter
412 1144 548 1217 ferinum
567 1146 744 1220 mentionem,
765 1165 848 1223 quam
867 1145 978 1223 quidem
997 1148 1112 1221 praeter
1129 1155 1191 1196 mo·

89 1234 149 1297 rem
173 1238 254 1294 huius
273 1237 385 1294 tabulae
403 1239 455 1315 ipsi
472 1237 615 1310 fecerant,
642 1248 785 1296 mutarunt
803 1241 891 1318 ipsam
910 1235 1053 1297 marmoris
1071 1231 1191 1308 scriptu·

2 1374 7 1388 .
88 1348 160 1405 ram,
179 1330 232 1387 FN
248 1328 399 1388 FER-etc.
419 1341 588 1407 posuerunt,
607 1332 631 1389 F
633 1350 709 1408 agg,
730 1330 835 1406 Orell.;
854 1331 882 1389 id
900 1332 1033 1408 flagitium
1052 1323 1191 1384 Graenins

87 1424 171 1483 etiarn
194 1423 294 1493 habet,
319 1422 386 1480 dum
411 1423 521 1482 uidetur
546 1426 645 1481 mirum
672 1435 805 1501 quantum
831 1425 906 1483 fideli
932 1425 1056 1502 pinianae
1076 1435 1193 1496 operam

87 1516 165 1575 dare.
196 1516 239 1574 Ea
258 1518 350 1575 omnia
368 1519 494 1596 imperite
509 1517 579 1589 mibi·
591 1518 668 1576 facta
685 1518 826 1593 uidentur,
846 1528 875 1595 et
892 1521 916 1576 si
931 1534 999 1576 uera
1017 1521 1123 1586 essent,
1141 1510 1192 1568 lm

85 1602 185 1686 festos,
204 1611 314 1688 opinor,
333 1609 370 1667 ad
384 1611 493 1669 Claudii
511 1612 578 1689 imp.
596 1620 724 1689 tempora
743 1610 934 1671 detruderent.
963 1608 1080 1686 Augusti
1098 1613 1192 1663 aetate

86 1722 158 1781 nego
178 1702 308 1762 credibile
325 1720 388 1762 esse
408 1704 617 1782 Hispaniensem
633 1706 699 1763 D'mi
717 1706 844 1764 Caesaris
864 1705 1005 1763 uictoriam
1024 1717 1121 1760 mense
1134 1702 1192 1756 Διι-

11 1797 18 1811 ’
86 1807 169 1875 gasto
188 1798 355 1856 celebratam
373 1795 469 1856 fuisse.
509 1798 611 1856 'l'radit
629 1797 684 1857 Dio
703 1800 832 1856 nuncium
851 1798 888 1856 de
906 1817 940 1856 ea
958 1799 1078 1856 Romam
1096 1792 1192 1870 peris·

85 1899 144 1949 tum
164 1907 225 1947 esse
242 1888 332 1967 pridie
349 1889 468 1967 Parilia,
496 1900 525 1950 et
543 1888 745 1969 propter-eam
764 1910 824 1951 rem
843 1892 987 1949 Circenses
1006 1887 1088 1946 ludus
1106 1895 1193 1964 qunt-

85 1983 165 2042 annis
183 1980 320 2039 Parilibus
338 1981 465 2043 decretos
484 2003 545 2044 esse
564 1986 613 2059 ta,
629 1987 677 2044 tn.
716 1988 772 2043 Aut
790 1985 874 2062 igitur
893 1979 1193 2042 tunc·eins·nictnriae

83 2075 218 2136 memoria
236 2084 299 2134 acta
317 2084 379 2149 est,
405 2087 472 2152 aut,
498 2079 521 2135 si
539 2077 598 2135 dies
615 2079 694 2156 ipse,
718 2096 775 2155 quo
794 2077 912 2150 accidit,
930 2078 1011 2134 sacru¹
1029 2068 1205 2132 celebritate

83 2171 167 2230 aiam
184 2169 296 2246 insignis
314 2167 378 2242 fuit,
396 2169 473 2247 quod
493 2171 564 2228 tradi
579 2190 634 2229 non
649 2173 772 2244 memini,
789 2170 973 2249 improbabile
985 2186 1042 2227 nnn
1060 2166 1192 2240 dixerim,

82 2263 258 2344 quaerendus
277 2263 360 2331 estis
378 2263 437 2322 dies
456 2283 491 2323 eo
510 2263 600 2343 spatio
618 2274 684 2323 ante
702 2264 816 2338 Parilia,
834 2283 892 2342 quo
911 2282 947 2322 ex
961 2262 1095 2340 Hispania
1113 2261 1193 2319 litte-

82 2375 133 2416 rae
158 2355 276 2433 perfersi
300 2366 468 2433 potuerunt:
497 2358 526 2415 id
550 2358 671 2435 spatium
698 2357 784 2416 fuisse
810 2358 992 2434 quadraginta
1019 2355 1078 2413 dies
1095 2354 1192 2413 Pollio

81 2449 165 2508 docet
184 2448 244 2505 Cic.
263 2447 386 2506 ati-fam.
408 2452 456 2524 to,
474 2454 522 2508 33.
561 2451 717 2528 Trigesimn
736 2461 815 2511 sexto
840 2461 906 2508 ante
924 2449 1026 2508 Parilia
1044 2447 1107 2523 die,
1136 2447 1191 2505 Li·

55 2536 60 2548 '
82 2541 233 2615 beralibns,
251 2539 438 2616 fragmentum
457 2543 661 2602 Faenesiannm
677 2545 728 2601 bas
747 2545 853 2603 litteras
871 2545 1011 2603 seruauite
1037 2540 1195 2601 CAESAR

81 2635 124 2692 HI
142 2674 152 2692 .
173 2674 182 2692 .
202 2671 230 2707 .,
255 2632 331 2712 quod
351 2633 431 2709 uide,
452 2653 518 2691 num
536 2634 591 2692 huc
608 2639 756 2715 pertineat.
796 2640 841 2698 De
860 2637 1007 2696 Pharnace
1024 2635 1100 2694 uinta
1121 2635 1196 2694 uitat

81 2727 168 2788 credo
185 2727 213 2784 in
231 2726 327 2785 fastos
339 2728 457 2784 relatum
472 2727 601 2787 Caesaris
614 2728 683 2799 dict.
695 2730 742 2787 nel
756 2735 871 2809 Augusti
888 2742 1025 2809 ternpore,
1044 2750 1102 2809 nnn
1123 2734 1195 2810 qnia

80 2823 140 2900 ipse
159 2822 345 2879 Caesaream
370 2820 512 2878 uictoriam
538 2823 732 2901 nilipenderit,
753 2826 793 2881 uti
820 2836 902 2903 putat
919 2825 1070 2902 Fogginins
1090 2834 1195 2883 watra

31 2946 45 2957 —
80 2916 178 2976 Dionis
196 2916 246 2988 42,
265 2915 305 2971 ta
322 2912 454 2971 disertum
473 2917 678 2991 testimonium,
704 2917 757 2976 sed
773 2918 839 2996 quia
864 2917 901 2975 de
919 2917 994 2975 seriis
1013 2916 1081 2974 nibil
1100 2917 1192 2974 tradi·

6 3071 8 3075 ,
80 3020 138 3070 tar.
176 3010 418 3068 Commemoratur
442 3008 514 3066 adeo
542 3028 575 3069 ea
601 3012 717 3069 uictoria
734 3012 763 3068 in
783 3011 981 3089 posterioribus
998 3009 1078 3068 fastis
1094 3010 1189 3080 nullis,

21 3119 47 3138 ‘¹
80 3106 138 3165 nisi·
160 3103 354 3177 Amiterninis,
380 3101 431 3160 sed
457 3104 485 3160 in
514 3104 557 3162 his
584 3122 646 3161 cum
672 3104 848 3182 Hispaniensi
873 3105 1021 3162 coniuncta
1044 3102 1086 3159 tv
1110 3102 1186 3162 Non.

79 3201 165 3276 Aug,
184 3198 304 3275 quodie
322 3196 481 3255 Pharnaces
501 3198 589 3255 uictus
608 3215 670 3255 esse
688 3206 792 3274 potest.
830 3197 904 3255 Nam
925 3215 1027 3256 nouem
1046 3198 1185 3256 mensibus

9 3332 12 3339 ·
78 3293 109 3353 in
126 3293 256 3368 Aegypte
274 3294 461 3369 consumptis,
490 3291 538 3369 qui
563 3290 716 3349 &sumunt
733 3292 769 3349 ab
787 3290 911 3349 aduentu
931 3292 990 3348 eius
1014 3289 1185 3368 paulopost

79 3380 194 3444 eaedem
212 3383 338 3460 Pompeii
357 3386 429 3442 circa
448 3380 654 3462 aequinoctium
671 3385 848 3460 autumnale,
868 3383 925 3442 nid.
945 3384 1069 3461 interpp.
1087 3381 1182 3463 Dionis

77 3483 129 3555 42,
148 3477 178 3550 5,
196 3485 293 3534 contra
318 3477 394 3534 illum
420 3480 569 3535 exercitam
594 3479 688 3554 duxit,
713 3479 831 3556 Appiae.
853 3476 918 3542 bell.
939 3476 1001 3534 cin.
1013 3483 1045 3551 2,
1065 3478 1116 3551 90,
1133 3479 1181 3535 91.

75 3572 212 3650 Suspicor
240 3569 312 3627 banc
338 3570 480 3627 uictoriam
508 3581 575 3628 tuno
600 3572 711 3630 demum
743 3590 794 3630 suo
822 3571 868 3629 die
892 3571 1028 3628 celebrari
1053 3578 1183 3646 coeptam

77 3666 199 3744 publice,
216 3682 279 3721 enm
297 3664 325 3719 in
345 3662 463 3721 eundem
482 3662 556 3720 diem
571 3668 704 3724 memoria
717 3665 906 3745 Hispaniensis
920 3664 1053 3722 uictoriae
1072 3661 1184 3721 aliunde

78 3760 211 3818 translata
231 3767 314 3817 esset.
352 3756 513 3814 Claudius
504 3767 657 3834 imperator
674 3778 766 3818 sacras
786 3758 959 3816 celebritates
978 3755 1114 3834 quasdam
1134 3773 1184 3813 ue-

78 3853 225 3922 tristiores,
253 3850 372 3929 quaein
392 3850 499 3909 natales
518 3860 665 3928 parentum
691 3853 749 3912 dies
767 3852 936 3923 inciderent,
962 3851 1016 3908 alio
1042 3849 1185 3909 transtulit

78 3942 151 4004 teste
169 3944 259 4033 Dione
278 3946 328 4019 60,
344 3942 373 4002 5.
412 3944 533 4039 Propter
546 3945 667 4003 Drusum
686 3947 780 4024 igitur,
800 3946 845 4003 uel
860 3945 1007 4001 Antoniam
1025 3951 1133 4021 natnrn,
1153 3951 1185 4002 ut

77 4039 151 4114 disi,
177 4047 226 4097 aut
245 4038 436 4112 Liberalibus,
462 4032 511 4096 ant
531 4022 683 4114 Parilibus,
702 4038 891 4121 Hispaniensis
910 4038 1026 4096 uictoria
1044 4053 1101 4094 nna
1120 4055 1185 4095 cnm

78 4132 194 4193 Pontica
219 4133 361 4194 celebrata
386 4131 503 4211 posthac
528 4149 590 4195 esse
615 4132 733 4194 uidetur.
784 4131 881 4193 Ludos
905 4133 1004 4192 Martis
1027 4140 1183 4210 equanam,
