2550 4574
134 254 180 306 nx
596 254 770 305 msromon
860 232 865 239 ’

136 407 175 468 do
192 427 248 487 qua
267 408 332 468 uide
348 407 421 468 inira
439 407 572 517 Varronis
590 409 638 468 lib.
658 426 681 467 v
700 408 734 469 da
751 410 878 485 mosum,
903 418 934 470 et
957 408 1166 475 destructura
1173 414 1234 471 uer·
1272 431 1273 436 ¹

137 522 216 561 sunm
236 506 304 577 707,
322 521 380 579 sq.=
529 535 569 550 -
586 510 668 561 tostas
685 511 771 561 ostotc
782 503 906 581 Paatppt
1047 514 1051 519 '
1273 521 1274 524 ’

334 600 372 654 Et
388 612 503 671 quorum
519 599 628 672 sparsis
646 596 754 656 ossibus
772 596 844 657 altat
861 597 971 656 numm.

137 684 228 748 Possit
253 689 297 746 llic
323 687 485 762 offendere,
513 688 589 764 quod
613 689 651 747 de
675 708 706 747 se
730 690 796 766 ipsis
821 690 1004 748 testimouium
1025 690 1079 749 illis
1097 688 1231 767 defertur,
1265 702 1268 707 '

136 781 368 860 quemadmodum
387 783 415 839 in
433 782 506 839 male
525 781 621 840 habito
641 783 817 840 Ponticorum
836 784 899 841 loco
918 788 948 855 a,
966 788 995 856 2,
1014 788 1069 843 2³2
1268 798 1271 805 '

335 878 399 936 Sittt
417 875 472 933 icoc
490 879 609 934 conmitti
625 879 718 954 uario,
737 877 901 954 signentque
918 876 1008 936 ttacltt
1119 930 1122 935 ,

372 972 495 1043 Purpmi
512 968 618 1041 foctcrm
637 988 680 1028 mc
697 988 802 1046 quoquc
819 977 887 1029 tosto
903 990 998 1043 suune

136 1064 182 1120 ubi
201 1065 343 1138 sipnascpm
360 1062 552 1138 corrigendum
571 1073 650 1140 puto.
690 1062 792 1121 Differt
819 1063 902 1122 etiam
920 1064 1069 1123 Fastorum
1094 1068 1173 1126 locos
1196 1070 1230 1127 ab

135 1157 188 1214 illis
206 1158 307 1228 6,”165
326 1176 381 1232 sq,
400 1156 526 1232 Propert.
546 1162 576 1229 3,
595 1157 625 1230 5,
645 1161 684 1215 37
702 1159 769 1231 lae,
789 1155 876 1216 Ouid.
896 1158 956 1216 her.
975 1162 1154 1239 20,1olsq.
1190 1164 1232 1221 Ex

135 1268 171 1308 eo
190 1242 283 1317 tamen
302 1248 433 1325 loquendi
452 1268 503 1306 usu
517 1261 640 1307 nostrum
659 1251 798 1327 explicare
811 1251 896 1325 malo,
915 1270 997 1329 qnam
1017 1254 1233 1313 ansemundus
1253 1282 1257 1287 ·

138 1349 313 1420 Equorum,
337 1353 386 1400 aut
403 1346 512 1419 spurcis
531 1343 567 1401 de
586 1344 645 1401 aliis
666 1363 720 1400 non
740 1342 890 1420 Philippis,
915 1343 965 1403 sed
983 1344 1100 1403 diuersis
1119 1348 1149 1405 in
1167 1350 1232 1407 locis

136 1439 232 1495 occisis
251 1439 386 1513 accipere.
419 1437 492 1494 inest
511 1437 552 1493 uis
571 1444 600 1494 et
617 1448 759 1506 uenustas,
779 1457 863 1513 quum
879 1439 958 1514 quasi
976 1440 1116 1498 obliuione
1133 1442 1232 1519 sepulti
1257 1424 1261 1431 ’

136 1531 181 1589 isti
201 1550 256 1588 non
275 1531 376 1608 sepulti
394 1530 557 1587 excitantur,
596 1531 712 1604 Eorum,
733 1548 805 1608 qnae
823 1530 859 1588 ad
878 1529 1063 1590 Octauianum
1082 1535 1233 1611 pertinent,

136 1618 313 1682 memorabile
332 1633 374 1681 est
392 1623 458 1680 illud
480 1629 508 1694 l,
526 1623 585 1680 589
604 1643 646 1700 sq.
671 1623 709 1681 de
727 1625 841 1700 Augusti
863 1624 1050 1703 appellatione
1071 1636 1102 1685 et
1121 1630 1233 1705 prouin-

136 1720 184 1777 ciis
204 1718 324 1777 redditis.
354 1717 472 1774 Videtur
491 1717 534 1773 laic
552 1734 587 1773 ex
604 1716 738 1773 fastorum
758 1718 998 1776 Praenestinorum
1017 1720 1176 1796 cognitione
1191 1724 1234 1783 le·

134 1813 178 1869 uis
200 1809 298 1888 culpae
317 1812 424 1868 mocula
443 1808 547 1868 Ouidio
566 1811 693 1886 aspergi,
720 1812 766 1886 qni
788 1811 885 1868 eodem
910 1811 956 1869 dio
973 1812 1071 1871 lduum
1089 1820 1121 1873 et
1139 1816 1235 1893 Augu·

135 1917 208 1963 stum
226 1904 381 1982 prouincias
396 1903 545 1961 reddidisse
559 1903 635 1979 dicit,
656 1913 685 1962 et
697 1924 731 1960 ex
743 1904 775 1961 S.
786 1905 819 1962 C.
834 1904 987 1982 populique
1001 1906 1148 1987 uoluntate
1163 1908 1233 1967 illud

136 2016 289 2076 cognomen
308 1998 451 2075 ndeptum.
491 1996 606 2056 Verrius
624 2014 702 2070 uero,
723 2007 753 2053 ut
772 1998 954 2056 Censorinum
972 2008 1002 2057 et
1020 1998 1234 2065 Orosium'lou·

138 2094 199 2171 gius
218 2091 389 2150 discedentes
409 2092 557 2161 mittamus,
575 2090 643 2147 illud
664 2091 741 2168 prius
759 2090 860 2159 idibus,
881 2090 935 2149 lroc
952 2093 1069 2155 alterum
1086 2094 1168 2153 xvss
1184 2094 1234 2153 lu·

134 2188 221 2246 Febr.
240 2186 345 2244 tactum
365 2184 463 2257 tradit,
488 2193 574 2261 atque
597 2185 670 2243 istud
697 2184 808 2262 quidem
832 2184 899 2242 satis
923 2186 1084 2262 manifesto,
1111 2180 1168 2247 lroc
1190 2188 1235 2251 iris

128 2282 228 2340 uerbis
258 2281 391 2338 seruatiss
426 2279 493 2336 [MP
504 2279 670 2337 ‚CAESAR
679 2316 844 2336 .........
869 2278 1003 2341 PPELL.
1014 2282 1234 2345 .Tvs.lt²80.

135 2376 203 2434 Vll.
210 2376 282 2431 ΕΤ.
291 2372 457 2448 ΔΘΗΙΡῐρα
477 2376 560 2442 cosa]
587 2371 750 2447 Cogitabam
777 2370 812 2428 de
835 2372 991 2450 supplendo
1016 2393 1073 2433 noa
1090 2376 1235 2455 Augusto,

136 2469 186 2527 sed
205 2469 347 2541 Principe,
365 2465 414 2522 sed
435 2465 518 2522 habet
537 2465 601 2539 hoc,
621 2484 670 2522 cnr
688 2463 843 2540 displiceat.
880 2466 977 2525 Esto
968 2468 1064 2544 rgitur,
1083 2479 1235 2563 utrumque

135 2562 306 2620 coniunxisse
320 2556 462 2630 Ouidium,
482 2577 537 2615 non
556 2558 722 2633 ignorantia,
740 2556 791 2614 sed
808 2577 864 2634 quo
883 2561 973 2638 aptius
991 2562 1059 2619 illud
1076 2582 1233 2641 cognomen

135 2654 252 2725 louiale,
270 2672 300 2708 u.
319 2653 392 2720 608,
409 2636 507 2707 locriali
525 2650 597 2724 diei,
618 2651 727 2723 idibus,
747 2654 916 2712 conueniret.
955 2655 1058 2713 Verum
1077 2656 1147 2733 quid
1164 2658 1232 2717 illud

135 2766 197 2807 esse
215 2747 337 2802 dicamus
356 2746 505 2819 acuminis,
532 2744 607 2822 quod
632 2745 752 2801 omnium
778 2745 969 2804 historicorum
993 2748 1059 2819 fidei
1081 2762 1231 2829 repugnat,

134 2840 267 2920 quodque
291 2838 371 2916 pueri
395 2838 478 2895 hodie
502 2840 602 2896 rectius
627 2847 741 2912 tenent,
769 2858 830 2895 curn
851 2858 879 2896 u.
898 2842 956 2898 589
980 2846 1070 2901 omnir
1085 2848 1230 2919 prosuae

134 2933 244 2994 reddita
262 2929 382 2990 dicturi
409 2932 487 3010 quasi
506 2931 541 2990 de
560 2931 619 2990 ulla
639 2932 779 3008 prouincia
798 2934 922 3009 ignotum
940 2948 1002 2993 esse
1019 2936 1168 3015 potuisset,
1185 2956 1230 2999 es-

134 3039 213 3088 setne
232 3027 371 3100 Caesaris,
389 3044 424 3083 an
444 3027 540 3103 populi
558 3025 687 3082 Romani.
727 3025 809 3083 Solus
828 3026 869 3085 lo.
889 3025 1061 3085 Schraderus
1078 3031 1180 3091 miron
1197 3034 1229 3093 il·

134 3123 182 3185 lud
202 3140 287 3198 genus
306 3119 436 3198 loquendi
460 3120 536 3197 apud
556 3117 687 3177 Ouidium
706 3118 917 3193 animaduertit,
942 3121 1093 3180 emendare
1112 3126 1228 3185 ammam

134 3234 191 3274 non
209 3198 326 3273 induxit.
355 3214 448 3272 Credo
468 3215 534 3270 olim
553 3214 684 3289 scriptum
702 3210 788 3268 fuisse
800 3212 918 3286 cottonis,
937 3212 1136 3288 indefectam,
1156 3220 1227 3298 qnod
1266 3242 1273 3247 ·

135 3307 218 3365 codd.
237 3307 383 3384 plerosque
403 3309 505 3365 habere
525 3305 620 3377 uides,
646 3322 714 3380 pro:
740 3303 914 3381 Reddiloquc
931 3305 1056 3365 immunis
1073 3316 1227 3385 praetacta,

134 3402 189 3459 lroc
207 3409 249 3458 est
269 3399 332 3456 belli
350 3401 491 3472 immunis,
511 3401 620 3474 quieta,
639 3397 686 3454 uni
705 3401 791 3457 otium
809 3409 862 3469 est,
881 3400 921 3455 uti
940 3400 1038 3457 Cicero
1057 3403 1095 3460 ad
1114 3404 1227 3483 fama,
1267 3444 1270 3457 .

135 3497 173 3552 ΓΙ
192 3493 269 3566 dixit,
288 3491 362 3567 quod
383 3493 533 3568 opponitur
550 3492 673 3549 onerosis
690 3492 849 3567 prouinciis,
869 3511 938 3568 quas
953 3491 1066 3553 Verrius
1085 3496 1165 3560 dixit.
1190 3502 1228 3561 lta
1269 3535 1270 3542 .

134 3587 242 3665 scripsit
261 3584 377 3643 Ouidius
396 3584 465 3643 lter.
487 3587 601 3654 1,100=

362 3674 467 3735 Mallio
485 3693 597 3733 sociaco
614 3676 782 3752 paragebant
800 3680 860 3737 olio
876 3686 986 3754 pcntcss
1268 3716 1274 3743 c

361 3774 432 3844 Ipso
450 3786 555 3844 quoquc
572 3768 697 3828 immunis
717 3779 863 3848 rostroque
880 3776 1000 3849 intucta,
1018 3792 1067 3834 ooo
1082 3777 1152 3838 otas
1271 3826 1274 3833 .

359 3866 467 3921 Soluto
484 3862 638 3921 maioribus
656 3895 694 3909 -
714 3866 803 3923 talam

134 3970 163 4020 ot
181 3964 212 4036 7,
232 3962 304 4017 229:
360 3986 400 4002 -
419 3975 502 4032 incapte
519 3974 583 4015 cros
600 3958 726 4015 immunis
744 3962 860 4036 Enipea.
877 3994 916 4008 -·

132 4054 290 4112 Proximum
309 4071 431 4128 quoqne,
451 4049 527 4127 quod
545 4050 620 4109 Non.
636 4052 720 4109 Febr.
739 4054 857 4110 traditur
876 4054 951 4131 apud
966 4053 1109 4130 Ouidium,
1128 4058 1167 4118 de
1177 4060 1240 4119 Pa.

134 4150 183 4208 tris
201 4148 312 4206 Patriae
330 4145 492 4223 cognomine
510 4145 538 4203 iu
556 4147 708 4222 Augustum
728 4145 827 4205 collato
848 4165 865 4204 a
884 4148 961 4209 lastis
977 4147 1166 4212 Praenestinis
1184 4170 1232 4216 ue·

65 4248 152 4308 ..a
