<?xml version="1.0" encoding="UTF-8"?>
<!DOCTYPE html PUBLIC "-//W3C//DTD XHTML 1.0 Transitional//EN"
    "http://www.w3.org/TR/xhtml1/DTD/xhtml1-transitional.dtd">
<html xmlns="http://www.w3.org/1999/xhtml" xml:lang="en" lang="en">
 <head>
  <title>
</title>
<meta http-equiv="Content-Type" content="text/html;charset=utf-8" />
  <meta name='ocr-system' content='tesseract 3.04.00' />
  <meta name='ocr-capabilities' content='ocr_page ocr_carea ocr_par ocr_line ocrx_word'/>
</head>
<body>
  <div class='ocr_page' id='page_1' title='image "./fastorumlibrise01ovidgoog_0303.png"; bbox 0 0 2550 4574; ppageno 0'>
   <div class='ocr_carea' id='block_1_1' title="bbox 133 235 825 307">
    <p class='ocr_par' dir='ltr' id='par_1_1' title="bbox 133 235 825 307">
     <span class='ocr_line' id='line_1_1' title="bbox 133 235 825 307; baseline -0.001 -14"><span class='ocrx_word' id='word_1_1' title='bbox 133 246 245 295; x_wconf 85' lang='lat' dir='ltr'><strong>coxon</strong></span> <span class='ocrx_word' id='word_1_2' title='bbox 545 244 633 307; x_wconf 80' lang='lat' dir='ltr'><strong>cono</strong></span> <span class='ocrx_word' id='word_1_3' title='bbox 657 235 696 293; x_wconf 81' lang='lat'><strong>19</strong></span> <span class='ocrx_word' id='word_1_4' title='bbox 716 246 761 295; x_wconf 83' lang='lat' dir='ltr'><strong>un</strong></span> <span class='ocrx_word' id='word_1_5' title='bbox 781 235 825 293; x_wconf 82' lang='lat'><strong>27</strong></span> 
     </span>
    </p>
   </div>
   <div class='ocr_carea' id='block_1_2' title="bbox 20 395 1273 3666">
    <p class='ocr_par' dir='ltr' id='par_1_2' title="bbox 20 395 1273 3666">
     <span class='ocr_line' id='line_1_2' title="bbox 132 395 1236 477; baseline 0.002 -17"><span class='ocrx_word' id='word_1_6' title='bbox 132 398 216 476; x_wconf 77' lang='lat' dir='ltr'><strong>gessi.</strong></span> <span class='ocrx_word' id='word_1_7' title='bbox 250 398 359 458; x_wconf 73' lang='lat' dir='ltr'><strong>Moneo</strong></span> <span class='ocrx_word' id='word_1_8' title='bbox 376 398 471 477; x_wconf 78' lang='lat' dir='ltr'><strong>igitur,</strong></span> <span class='ocrx_word' id='word_1_9' title='bbox 488 415 526 457; x_wconf 87' lang='lat' dir='ltr'><strong>nc</strong></span> <span class='ocrx_word' id='word_1_10' title='bbox 544 398 593 457; x_wconf 90' lang='lat' dir='ltr'><strong>ubi</strong></span> <span class='ocrx_word' id='word_1_11' title='bbox 610 397 682 457; x_wconf 83' lang='lat' dir='ltr'><strong>illius</strong></span> <span class='ocrx_word' id='word_1_12' title='bbox 700 397 888 458; x_wconf 83' lang='lat' dir='ltr'><strong>testimouium</strong></span> <span class='ocrx_word' id='word_1_13' title='bbox 906 395 944 457; x_wconf 84' lang='lat' dir='ltr'><strong>dc</strong></span> <span class='ocrx_word' id='word_1_14' title='bbox 960 397 1106 460; x_wconf 85' lang='lat' dir='ltr'><strong>codicibus</strong></span> <span class='ocrx_word' id='word_1_15' title='bbox 1123 411 1175 462; x_wconf 85' lang='lat' dir='ltr'><strong>out</strong></span> <span class='ocrx_word' id='word_1_16' title='bbox 1192 402 1236 462; x_wconf 89' lang='lat' dir='ltr'><strong>iu-</strong></span> 
     </span>
     <span class='ocr_line' id='line_1_3' title="bbox 135 491 1273 574; baseline 0.006 -24"><span class='ocrx_word' id='word_1_17' title='bbox 135 496 220 571; x_wconf 69' lang='lat' dir='ltr'><strong>tegtis</strong></span> <span class='ocrx_word' id='word_1_18' title='bbox 238 491 345 551; x_wconf 88' lang='lat' dir='ltr'><strong>collatis</strong></span> <span class='ocrx_word' id='word_1_19' title='bbox 362 501 413 549; x_wconf 90' lang='lat' dir='ltr'><strong>aot</strong></span> <span class='ocrx_word' id='word_1_20' title='bbox 430 493 531 569; x_wconf 85' lang='lat' dir='ltr'><strong>passim</strong></span> <span class='ocrx_word' id='word_1_21' title='bbox 557 493 690 570; x_wconf 84' lang='lat' dir='ltr'><strong>inspectis</strong></span> <span class='ocrx_word' id='word_1_22' title='bbox 712 493 852 571; x_wconf 75' lang='lat' dir='ltr'>discrepat</span> <span class='ocrx_word' id='word_1_23' title='bbox 875 509 894 550; x_wconf 89' lang='lat' dir='ltr'><strong>a</strong></span> <span class='ocrx_word' id='word_1_24' title='bbox 918 510 1004 568; x_wconf 85' lang='lat' dir='ltr'><strong>meo,</strong></span> <span class='ocrx_word' id='word_1_25' title='bbox 1029 495 1115 574; x_wconf 80' lang='lat' dir='ltr'><strong>culp·</strong></span> <span class='ocrx_word' id='word_1_26' title='bbox 1137 497 1168 555; x_wconf 85' lang='lat' dir='ltr'><strong>in</strong></span> <span class='ocrx_word' id='word_1_27' title='bbox 1193 515 1236 557; x_wconf 86' lang='lat' dir='ltr'><strong>ros</strong></span> <span class='ocrx_word' id='word_1_28' title='bbox 1271 512 1273 521; x_wconf 91' lang='grc'><strong><em>·</em></strong></span> 
     </span>
     <span class='ocr_line' id='line_1_4' title="bbox 132 584 1234 667; baseline 0.001 -21"><span class='ocrx_word' id='word_1_29' title='bbox 132 587 303 646; x_wconf 79' lang='lat' dir='ltr'><strong>conletatur.</strong></span> <span class='ocrx_word' id='word_1_30' title='bbox 338 586 482 654; x_wconf 84' lang='lat' dir='ltr'><strong>Quantum</strong></span> <span class='ocrx_word' id='word_1_31' title='bbox 501 585 651 645; x_wconf 71' lang='lat' dir='ltr'><strong>aoeuetudo</strong></span> <span class='ocrx_word' id='word_1_32' title='bbox 669 597 701 645; x_wconf 88' lang='lat' dir='ltr'><strong>et</strong></span> <span class='ocrx_word' id='word_1_33' title='bbox 717 588 838 645; x_wconf 84' lang='lat' dir='ltr'><strong>innocuo</strong></span> <span class='ocrx_word' id='word_1_34' title='bbox 856 584 994 664; x_wconf 85' lang='lat' dir='ltr'><strong>quaedam</strong></span> <span class='ocrx_word' id='word_1_35' title='bbox 1013 586 1043 644; x_wconf 93' lang='lat' dir='ltr'><strong>in</strong></span> <span class='ocrx_word' id='word_1_36' title='bbox 1061 587 1118 647; x_wconf 86' lang='lat' dir='ltr'><strong>boe</strong></span> <span class='ocrx_word' id='word_1_37' title='bbox 1134 607 1234 667; x_wconf 76' lang='lat' dir='ltr'><strong>genere</strong></span> 
     </span>
     <span class='ocr_line' id='line_1_5' title="bbox 84 670 1233 760; baseline 0.006 -24"><span class='ocrx_word' id='word_1_38' title='bbox 84 670 87 675; x_wconf 72' lang='grc'><strong>’</strong></span> <span class='ocrx_word' id='word_1_39' title='bbox 132 679 245 737; x_wconf 77' lang='lat' dir='ltr'><strong>ambitio</strong></span> <span class='ocrx_word' id='word_1_40' title='bbox 263 677 376 737; x_wconf 83' lang='lat' dir='ltr'><strong>efficere</strong></span> <span class='ocrx_word' id='word_1_41' title='bbox 394 689 526 756; x_wconf 88' lang='lat' dir='ltr'><strong>possunt,</strong></span> <span class='ocrx_word' id='word_1_42' title='bbox 547 689 661 738; x_wconf 84' lang='lat' dir='ltr'><strong>tantum</strong></span> <span class='ocrx_word' id='word_1_43' title='bbox 684 681 721 739; x_wconf 87' lang='lat' dir='ltr'><strong>ab</strong></span> <span class='ocrx_word' id='word_1_44' title='bbox 744 696 840 740; x_wconf 87' lang='lat' dir='ltr'><strong>errore</strong></span> <span class='ocrx_word' id='word_1_45' title='bbox 857 680 939 756; x_wconf 82' lang='lat' dir='ltr'><strong>caui3</strong></span> <span class='ocrx_word' id='word_1_46' title='bbox 965 689 995 740; x_wconf 88' lang='lat' dir='ltr'><strong>et</strong></span> <span class='ocrx_word' id='word_1_47' title='bbox 1013 681 1184 760; x_wconf 76' lang='lat' dir='ltr'><strong>typographi</strong></span> <span class='ocrx_word' id='word_1_48' title='bbox 1201 701 1233 743; x_wconf 86' lang='lat' dir='ltr'><strong>ea</strong></span> 
     </span>
     <span class='ocr_line' id='line_1_6' title="bbox 22 772 1232 855; baseline 0.004 -25"><span class='ocrx_word' id='word_1_49' title='bbox 22 827 28 837; x_wconf 82' lang='lat'>‚</span> <span class='ocrx_word' id='word_1_50' title='bbox 133 772 187 830; x_wconf 82' lang='lat' dir='ltr'><strong>tuit</strong></span> <span class='ocrx_word' id='word_1_51' title='bbox 204 773 359 847; x_wconf 70' lang='lat' dir='ltr'><strong>accuratio,</strong></span> <span class='ocrx_word' id='word_1_52' title='bbox 377 781 409 831; x_wconf 88' lang='lat' dir='ltr'><strong>ut</strong></span> <span class='ocrx_word' id='word_1_53' title='bbox 427 775 519 832; x_wconf 88' lang='lat' dir='ltr'><strong>uerbis</strong></span> <span class='ocrx_word' id='word_1_54' title='bbox 533 772 716 833; x_wconf 81' lang='lat' dir='ltr'><strong>Varronianis</strong></span> <span class='ocrx_word' id='word_1_55' title='bbox 737 773 774 832; x_wconf 86' lang='lat' dir='ltr'><strong>dc</strong></span> <span class='ocrx_word' id='word_1_56' title='bbox 792 774 815 833; x_wconf 89' lang='lat'><strong>1.</strong></span> <span class='ocrx_word' id='word_1_57' title='bbox 833 773 853 832; x_wconf 76' lang='lat' dir='ltr'><strong>l.</strong></span> <span class='ocrx_word' id='word_1_58' title='bbox 873 778 904 849; x_wconf 85' lang='grc'>8,</span> <span class='ocrx_word' id='word_1_59' title='bbox 921 774 960 832; x_wconf 91' lang='grc'><strong>61</strong></span> <span class='ocrx_word' id='word_1_60' title='bbox 979 774 1170 853; x_wconf 74' lang='lat' dir='ltr'><strong>mpnscdcrs</strong></span> <span class='ocrx_word' id='word_1_61' title='bbox 1183 795 1232 855; x_wconf 92' lang='lat' dir='ltr'><strong>po·</strong></span> 
     </span>
     <span class='ocr_line' id='line_1_7' title="bbox 130 865 1231 930; baseline 0.005 -6"><span class='ocrx_word' id='word_1_62' title='bbox 130 866 239 925; x_wconf 79' lang='lat' dir='ltr'><strong>tuerint.</strong></span> <span class='ocrx_word' id='word_1_63' title='bbox 277 868 314 925; x_wconf 80' lang='lat' dir='ltr'><strong>tt</strong></span> <span class='ocrx_word' id='word_1_64' title='bbox 331 865 398 925; x_wconf 86' lang='lat' dir='ltr'><strong>uide</strong></span> <span class='ocrx_word' id='word_1_65' title='bbox 415 867 556 926; x_wconf 84' lang='lat' dir='ltr'><strong>leuitatem</strong></span> <span class='ocrx_word' id='word_1_66' title='bbox 567 867 645 926; x_wconf 88' lang='lat' dir='ltr'><strong>Petri</strong></span> <span class='ocrx_word' id='word_1_67' title='bbox 657 867 822 928; x_wconf 79' lang='lat' dir='ltr'><strong>Burmanni.</strong></span> <span class='ocrx_word' id='word_1_68' title='bbox 852 867 885 926; x_wconf 93' lang='lat' dir='ltr'><strong>ln</strong></span> <span class='ocrx_word' id='word_1_69' title='bbox 903 868 993 927; x_wconf 89' lang='lat' dir='ltr'><strong>altero</strong></span> <span class='ocrx_word' id='word_1_70' title='bbox 1012 868 1121 929; x_wconf 79' lang='lat' dir='ltr'><strong>lieintii</strong></span> <span class='ocrx_word' id='word_1_71' title='bbox 1137 885 1231 930; x_wconf 79' lang='lat' dir='ltr'><strong>exem·-</strong></span> 
     </span>
     <span class='ocr_line' id='line_1_8' title="bbox 131 959 1230 1038; baseline 0.005 -22"><span class='ocrx_word' id='word_1_72' title='bbox 131 959 203 1038; x_wconf 85' lang='lat' dir='ltr'><strong>plan&#39;</strong></span> <span class='ocrx_word' id='word_1_73' title='bbox 216 960 307 1017; x_wconf 77' lang='lat' dir='ltr'><strong>littem</strong></span> <span class='ocrx_word' id='word_1_74' title='bbox 321 960 351 1018; x_wconf 78' lang='lat' dir='ltr'><em>A</em></span> <span class='ocrx_word' id='word_1_75' title='bbox 363 959 504 1019; x_wconf 81' lang='lat' dir='ltr'><strong>indicabat</strong></span> <span class='ocrx_word' id='word_1_76' title='bbox 522 960 646 1020; x_wconf 79' lang='lat' dir='ltr'><strong>codicem</strong></span> <span class='ocrx_word' id='word_1_77' title='bbox 658 960 885 1036; x_wconf 83' lang='lat' dir='ltr'><strong>druudelianum,</strong></span> <span class='ocrx_word' id='word_1_78' title='bbox 903 960 933 1018; x_wconf 93' lang='lat' dir='ltr'><strong>in</strong></span> <span class='ocrx_word' id='word_1_79' title='bbox 957 961 1047 1020; x_wconf 87' lang='lat' dir='ltr'><strong>altero</strong></span> <span class='ocrx_word' id='word_1_80' title='bbox 1057 961 1230 1022; x_wconf 77' lang='lat' dir='ltr'><strong>Putecueum</strong></span> 
     </span>
     <span class='ocr_line' id='line_1_9' title="bbox 98 1052 1228 1132; baseline 0.005 -22"><span class='ocrx_word' id='word_1_81' title='bbox 98 1064 101 1069; x_wconf 92' lang='grc'><strong>’</strong></span> <span class='ocrx_word' id='word_1_82' title='bbox 129 1053 263 1131; x_wconf 78' lang='lat' dir='ltr'><strong>primum:</strong></span> <span class='ocrx_word' id='word_1_83' title='bbox 281 1052 347 1111; x_wconf 90' lang='lat' dir='ltr'><strong>inde</strong></span> <span class='ocrx_word' id='word_1_84' title='bbox 359 1053 378 1111; x_wconf 82' lang='lat' dir='ltr'><strong>ir</strong></span> <span class='ocrx_word' id='word_1_85' title='bbox 390 1053 452 1112; x_wconf 91' lang='lat' dir='ltr'><strong>libri</strong></span> <span class='ocrx_word' id='word_1_86' title='bbox 464 1063 658 1132; x_wconf 82' lang='lat' dir='ltr'><strong>permutantur</strong></span> <span class='ocrx_word' id='word_1_87' title='bbox 669 1061 696 1126; x_wconf 91' lang='grc'><strong>1,</strong></span> <span class='ocrx_word' id='word_1_88' title='bbox 704 1058 758 1130; x_wconf 71' lang='grc'><strong>73,</strong></span> <span class='ocrx_word' id='word_1_89' title='bbox 778 1058 891 1131; x_wconf 80' lang='lat'><strong>²,6913</strong></span> <span class='ocrx_word' id='word_1_90' title='bbox 910 1057 942 1129; x_wconf 88' lang='grc'><strong>4,</strong></span> <span class='ocrx_word' id='word_1_91' title='bbox 950 1056 1019 1130; x_wconf 77' lang='lat' dir='ltr'><strong>tou,</strong></span> <span class='ocrx_word' id='word_1_92' title='bbox 1031 1056 1092 1114; x_wconf 85' lang='grc'><strong>667</strong></span> <span class='ocrx_word' id='word_1_93' title='bbox 1096 1075 1108 1131; x_wconf 73' lang='lat'>3</span> <span class='ocrx_word' id='word_1_94' title='bbox 1125 1057 1228 1131; x_wconf 56' lang='lat' dir='ltr'><strong>ocos</strong></span> 
     </span>
     <span class='ocr_line' id='line_1_10' title="bbox 131 1145 1229 1228; baseline 0.005 -24"><span class='ocrx_word' id='word_1_95' title='bbox 131 1145 209 1206; x_wconf 68' lang='lat' dir='ltr'><strong>tideo</strong></span> <span class='ocrx_word' id='word_1_96' title='bbox 227 1150 328 1224; x_wconf 61' lang='grc'>6407</span> <span class='ocrx_word' id='word_1_97' title='bbox 346 1166 430 1206; x_wconf 88' lang='lat' dir='ltr'><strong>uuam</strong></span> <span class='ocrx_word' id='word_1_98' title='bbox 448 1166 511 1207; x_wconf 85' lang='lat' dir='ltr'><strong>canu</strong></span> <span class='ocrx_word' id='word_1_99' title='bbox 529 1149 650 1208; x_wconf 83' lang='lat' dir='ltr'><strong>litteram</strong></span> <span class='ocrx_word' id='word_1_100' title='bbox 668 1148 706 1207; x_wconf 93' lang='lat' dir='ltr'><strong>de</strong></span> <span class='ocrx_word' id='word_1_101' title='bbox 719 1158 839 1228; x_wconf 87' lang='lat' dir='ltr'><strong>utroque</strong></span> <span class='ocrx_word' id='word_1_102' title='bbox 852 1148 949 1209; x_wconf 80' lang='lat' dir='ltr'><strong>codice</strong></span> <span class='ocrx_word' id='word_1_103' title='bbox 966 1149 1168 1227; x_wconf 82' lang='lat' dir='ltr'><strong>interpretatus</strong></span> <span class='ocrx_word' id='word_1_104' title='bbox 1180 1159 1229 1226; x_wconf 81' lang='lat' dir='ltr'><strong>est,</strong></span> 
     </span>
     <span class='ocr_line' id='line_1_11' title="bbox 130 1241 1228 1320; baseline 0.003 -21"><span class='ocrx_word' id='word_1_105' title='bbox 130 1241 364 1320; x_wconf 71' lang='lat' dir='ltr'><strong>quenadmodum</strong></span> <span class='ocrx_word' id='word_1_106' title='bbox 384 1242 412 1298; x_wconf 93' lang='lat' dir='ltr'><strong>in</strong></span> <span class='ocrx_word' id='word_1_107' title='bbox 428 1243 580 1320; x_wconf 83' lang='lat' dir='ltr'><strong>exemplari</strong></span> <span class='ocrx_word' id='word_1_108' title='bbox 597 1241 675 1320; x_wconf 90' lang='lat' dir='ltr'><strong>quod</strong></span> <span class='ocrx_word' id='word_1_109' title='bbox 693 1260 776 1302; x_wconf 88' lang='lat' dir='ltr'><strong>curas</strong></span> <span class='ocrx_word' id='word_1_110' title='bbox 794 1243 854 1301; x_wconf 71' lang='lat' dir='ltr'><strong>dus</strong></span> <span class='ocrx_word' id='word_1_111' title='bbox 872 1241 1009 1301; x_wconf 75' lang='lat' dir='ltr'><strong>morundus</strong></span> <span class='ocrx_word' id='word_1_112' title='bbox 1027 1244 1175 1303; x_wconf 82' lang='lat' dir='ltr'><strong>continere</strong></span> <span class='ocrx_word' id='word_1_113' title='bbox 1191 1244 1228 1302; x_wconf 89' lang='lat' dir='ltr'><strong>ui·</strong></span> 
     </span>
     <span class='ocr_line' id='line_1_12' title="bbox 129 1333 1273 1421; baseline 0.003 -28"><span class='ocrx_word' id='word_1_114' title='bbox 129 1334 229 1409; x_wconf 75' lang='lat' dir='ltr'><strong>detur,</strong></span> <span class='ocrx_word' id='word_1_115' title='bbox 257 1333 315 1393; x_wconf 89' lang='lat' dir='ltr'><strong>uid.</strong></span> <span class='ocrx_word' id='word_1_116' title='bbox 334 1334 426 1412; x_wconf 81' lang='lat' dir='ltr'><strong>praei.</strong></span> <span class='ocrx_word' id='word_1_117' title='bbox 445 1336 515 1395; x_wconf 88' lang='lat' dir='ltr'><strong>trist.</strong></span> <span class='ocrx_word' id='word_1_118' title='bbox 533 1355 563 1413; x_wconf 89' lang='lat' dir='ltr'><strong>p.</strong></span> <span class='ocrx_word' id='word_1_119' title='bbox 574 1354 648 1410; x_wconf 72' lang='lat' dir='ltr'><strong>xrs,</strong></span> <span class='ocrx_word' id='word_1_120' title='bbox 668 1338 768 1406; x_wconf 60' lang='lat'><strong>2143</strong></span> <span class='ocrx_word' id='word_1_121' title='bbox 788 1335 824 1393; x_wconf 89' lang='lat' dir='ltr'><strong>ad</strong></span> <span class='ocrx_word' id='word_1_122' title='bbox 847 1339 997 1398; x_wconf 69' lang='lat' dir='ltr'><strong>Mamur.</strong></span> <span class='ocrx_word' id='word_1_123' title='bbox 1018 1337 1228 1415; x_wconf 73' lang='lat' dir='ltr'><strong>mcdpserotsl</strong></span> <span class='ocrx_word' id='word_1_124' title='bbox 1271 1410 1273 1421; x_wconf 37' lang='grc' dir='ltr'>Ι</span> 
     </span>
     <span class='ocr_line' id='line_1_13' title="bbox 128 1428 1228 1510; baseline -0.002 -22"><span class='ocrx_word' id='word_1_125' title='bbox 128 1432 245 1500; x_wconf 70' lang='lat' dir='ltr'><strong>Pelour</strong></span> <span class='ocrx_word' id='word_1_126' title='bbox 264 1437 382 1506; x_wconf 86' lang='lat' dir='ltr'><strong>uterquc</strong></span> <span class='ocrx_word' id='word_1_127' title='bbox 400 1430 474 1489; x_wconf 87' lang='lat' dir='ltr'><strong>enim</strong></span> <span class='ocrx_word' id='word_1_128' title='bbox 493 1431 522 1489; x_wconf 91' lang='lat' dir='ltr'><strong>in</strong></span> <span class='ocrx_word' id='word_1_129' title='bbox 538 1429 656 1488; x_wconf 70' lang='lat' dir='ltr'><strong>duemis</strong></span> <span class='ocrx_word' id='word_1_130' title='bbox 676 1428 861 1487; x_wconf 88' lang='lat' dir='ltr'><strong>uoluminibus</strong></span> <span class='ocrx_word' id='word_1_131' title='bbox 883 1431 911 1488; x_wconf 76' lang='lat' dir='ltr'><strong>d</strong></span> <span class='ocrx_word' id='word_1_132' title='bbox 931 1429 1095 1507; x_wconf 85' lang='lat' dir='ltr'><strong>notabatur,</strong></span> <span class='ocrx_word' id='word_1_133' title='bbox 1112 1430 1228 1510; x_wconf 79' lang='lat' dir='ltr'><strong>ideoque</strong></span> 
     </span>
     <span class='ocr_line' id='line_1_14' title="bbox 128 1521 1229 1604; baseline 0.005 -26"><span class='ocrx_word' id='word_1_134' title='bbox 128 1521 236 1579; x_wconf 70' lang='lat' dir='ltr'><strong>molossi</strong></span> <span class='ocrx_word' id='word_1_135' title='bbox 255 1523 286 1595; x_wconf 98' lang='grc'><strong>6,</strong></span> <span class='ocrx_word' id='word_1_136' title='bbox 300 1526 358 1580; x_wconf 85' lang='grc'>237</span> <span class='ocrx_word' id='word_1_137' title='bbox 373 1532 450 1584; x_wconf 85' lang='lat' dir='ltr'><strong>suut.</strong></span> <span class='ocrx_word' id='word_1_138' title='bbox 481 1524 524 1582; x_wconf 88' lang='lat' dir='ltr'><strong>ltu</strong></span> <span class='ocrx_word' id='word_1_139' title='bbox 542 1529 574 1598; x_wconf 83' lang='lat'><strong>2,</strong></span> <span class='ocrx_word' id='word_1_140' title='bbox 588 1525 644 1581; x_wconf 86' lang='grc'><strong>110</strong></span> <span class='ocrx_word' id='word_1_141' title='bbox 664 1523 798 1581; x_wconf 84' lang='lat' dir='ltr'><strong>Contabr.</strong></span> <span class='ocrx_word' id='word_1_142' title='bbox 819 1532 849 1583; x_wconf 85' lang='lat' dir='ltr'><strong>et</strong></span> <span class='ocrx_word' id='word_1_143' title='bbox 865 1522 932 1582; x_wconf 85' lang='lat' dir='ltr'><strong>Put.</strong></span> <span class='ocrx_word' id='word_1_144' title='bbox 951 1542 1009 1582; x_wconf 85' lang='lat' dir='ltr'><strong>see.</strong></span> <span class='ocrx_word' id='word_1_145' title='bbox 1028 1524 1095 1602; x_wconf 89' lang='lat' dir='ltr'><strong>quia</strong></span> <span class='ocrx_word' id='word_1_146' title='bbox 1114 1532 1229 1604; x_wconf 80' lang='lat' dir='ltr'><strong>uterque</strong></span> 
     </span>
     <span class='ocr_line' id='line_1_15' title="bbox 129 1616 1230 1696; baseline 0.004 -23"><span class='ocrx_word' id='word_1_147' title='bbox 129 1620 167 1687; x_wconf 83' lang='lat' dir='ltr'><strong>B,</strong></span> <span class='ocrx_word' id='word_1_148' title='bbox 186 1616 288 1686; x_wconf 72' lang='lat' dir='ltr'><strong>aaut</strong></span> <span class='ocrx_word' id='word_1_149' title='bbox 310 1625 340 1675; x_wconf 90' lang='lat' dir='ltr'><strong>et</strong></span> <span class='ocrx_word' id='word_1_150' title='bbox 357 1617 388 1688; x_wconf 87' lang='grc'><strong>6,</strong></span> <span class='ocrx_word' id='word_1_151' title='bbox 401 1617 459 1675; x_wconf 91' lang='grc'><strong>646</strong></span> <span class='ocrx_word' id='word_1_152' title='bbox 485 1618 602 1676; x_wconf 79' lang='lat' dir='ltr'><strong>Sarrae.</strong></span> <span class='ocrx_word' id='word_1_153' title='bbox 626 1626 655 1676; x_wconf 90' lang='lat' dir='ltr'><strong>et</strong></span> <span class='ocrx_word' id='word_1_154' title='bbox 678 1617 785 1676; x_wconf 82' lang='lat' dir='ltr'><strong>Moror.</strong></span> <span class='ocrx_word' id='word_1_155' title='bbox 805 1634 874 1691; x_wconf 82' lang='lat' dir='ltr'><strong>sec,</strong></span> <span class='ocrx_word' id='word_1_156' title='bbox 899 1618 968 1696; x_wconf 83' lang='lat' dir='ltr'><strong>quia</strong></span> <span class='ocrx_word' id='word_1_157' title='bbox 991 1619 1230 1696; x_wconf 72' lang='lat' dir='ltr'><strong>tnugniuoturn,</strong></span> 
     </span>
     <span class='ocr_line' id='line_1_16' title="bbox 54 1708 1229 1786; baseline 0.003 -18"><span class='ocrx_word' id='word_1_158' title='bbox 54 1716 56 1721; x_wconf 85' lang='lat'>&#39;</span> <span class='ocrx_word' id='word_1_159' title='bbox 128 1719 194 1768; x_wconf 82' lang='lat' dir='ltr'><strong>sunt</strong></span> <span class='ocrx_word' id='word_1_160' title='bbox 215 1708 337 1769; x_wconf 80' lang='lat' dir='ltr'><strong>cousnsir</strong></span> <span class='ocrx_word' id='word_1_161' title='bbox 363 1710 464 1770; x_wconf 86' lang='lat' dir='ltr'><strong>Petau.</strong></span> <span class='ocrx_word' id='word_1_162' title='bbox 483 1720 512 1770; x_wconf 86' lang='lat' dir='ltr'><strong>et</strong></span> <span class='ocrx_word' id='word_1_163' title='bbox 529 1711 630 1769; x_wconf 83' lang='lat' dir='ltr'><strong>Puteo.</strong></span> <span class='ocrx_word' id='word_1_164' title='bbox 652 1716 682 1785; x_wconf 89' lang='lat'><strong>1,</strong></span> <span class='ocrx_word' id='word_1_165' title='bbox 699 1713 774 1786; x_wconf 74' lang='lat'><strong>4443</strong></span> <span class='ocrx_word' id='word_1_166' title='bbox 793 1714 824 1786; x_wconf 90' lang='grc'><strong>4,</strong></span> <span class='ocrx_word' id='word_1_167' title='bbox 844 1711 918 1769; x_wconf 61' lang='grc'>4061</span> <span class='ocrx_word' id='word_1_168' title='bbox 942 1710 1062 1769; x_wconf 86' lang='lat' dir='ltr'><strong>Putean.</strong></span> <span class='ocrx_word' id='word_1_169' title='bbox 1081 1721 1113 1770; x_wconf 86' lang='lat' dir='ltr'><strong>et</strong></span> <span class='ocrx_word' id='word_1_170' title='bbox 1129 1710 1229 1773; x_wconf 77' lang='lat' dir='ltr'><strong>Putat.</strong></span> 
     </span>
     <span class='ocr_line' id='line_1_17' title="bbox 128 1803 1231 1883; baseline 0.004 -22"><span class='ocrx_word' id='word_1_171' title='bbox 128 1808 160 1878; x_wconf 86' lang='lat'><strong>1,</strong></span> <span class='ocrx_word' id='word_1_172' title='bbox 170 1805 236 1862; x_wconf 88' lang='grc'>368.</span> <span class='ocrx_word' id='word_1_173' title='bbox 269 1803 344 1861; x_wconf 80' lang='lat' dir='ltr'><strong>Alias</strong></span> <span class='ocrx_word' id='word_1_174' title='bbox 361 1803 480 1862; x_wconf 83' lang='lat' dir='ltr'><strong>hominis</strong></span> <span class='ocrx_word' id='word_1_175' title='bbox 496 1805 616 1882; x_wconf 77' lang='lat' dir='ltr'><strong>ineptias</strong></span> <span class='ocrx_word' id='word_1_176' title='bbox 634 1803 718 1863; x_wconf 82' lang='lat' dir='ltr'><strong>facile</strong></span> <span class='ocrx_word' id='word_1_177' title='bbox 736 1803 930 1883; x_wconf 80' lang='lat' dir='ltr'><strong>deprehendes</strong></span> <span class='ocrx_word' id='word_1_178' title='bbox 948 1810 980 1879; x_wconf 83' lang='lat'><strong>2,</strong></span> <span class='ocrx_word' id='word_1_179' title='bbox 993 1804 1051 1864; x_wconf 77' lang='lat'><strong>465</strong></span> <span class='ocrx_word' id='word_1_180' title='bbox 1062 1803 1112 1864; x_wconf 80' lang='lat' dir='ltr'><strong>ed.</strong></span> <span class='ocrx_word' id='word_1_181' title='bbox 1123 1805 1186 1865; x_wconf 81' lang='lat' dir='ltr'><strong>etos</strong></span> <span class='ocrx_word' id='word_1_182' title='bbox 1203 1813 1231 1865; x_wconf 81' lang='lat' dir='ltr'><strong>ct</strong></span> 
     </span>
     <span class='ocr_line' id='line_1_18' title="bbox 127 1896 1273 1976; baseline 0.003 -20"><span class='ocrx_word' id='word_1_183' title='bbox 127 1899 253 1976; x_wconf 84' lang='lat' dir='ltr'><strong>proxime</strong></span> <span class='ocrx_word' id='word_1_184' title='bbox 272 1917 301 1955; x_wconf 90' lang='lat' dir='ltr'><strong>u.</strong></span> <span class='ocrx_word' id='word_1_185' title='bbox 316 1899 391 1973; x_wconf 86' lang='grc'>466,</span> <span class='ocrx_word' id='word_1_186' title='bbox 416 1897 464 1955; x_wconf 93' lang='lat' dir='ltr'><strong>ubi</strong></span> <span class='ocrx_word' id='word_1_187' title='bbox 482 1896 624 1956; x_wconf 71' lang='lat' dir='ltr'><strong>edumsori</strong></span> <span class='ocrx_word' id='word_1_188' title='bbox 648 1898 734 1956; x_wconf 88' lang='lat' dir='ltr'><strong>audet</strong></span> <span class='ocrx_word' id='word_1_189' title='bbox 754 1899 869 1957; x_wconf 87' lang='lat' dir='ltr'><strong>Heinsio</strong></span> <span class='ocrx_word' id='word_1_190' title='bbox 887 1897 924 1956; x_wconf 87' lang='lat' dir='ltr'><strong>de</strong></span> <span class='ocrx_word' id='word_1_191' title='bbox 943 1897 1006 1956; x_wconf 85' lang='lat' dir='ltr'><strong>cod.</strong></span> <span class='ocrx_word' id='word_1_192' title='bbox 1025 1897 1147 1975; x_wconf 58' lang='lat' dir='ltr'><strong>Macer„</strong></span> <span class='ocrx_word' id='word_1_193' title='bbox 1172 1909 1230 1959; x_wconf 81' lang='lat' dir='ltr'><strong>tum</strong></span> <span class='ocrx_word' id='word_1_194' title='bbox 1271 1896 1273 1931; x_wconf 73' lang='lat'>³</span> 
     </span>
     <span class='ocr_line' id='line_1_19' title="bbox 125 1990 1230 2069; baseline 0.002 -18"><span class='ocrx_word' id='word_1_195' title='bbox 125 1993 231 2067; x_wconf 74' lang='grc'>2,(667</span> <span class='ocrx_word' id='word_1_196' title='bbox 256 1991 303 2050; x_wconf 85' lang='lat' dir='ltr'><strong>ed.</strong></span> <span class='ocrx_word' id='word_1_197' title='bbox 329 2009 408 2050; x_wconf 86' lang='lat' dir='ltr'><strong>meae</strong></span> <span class='ocrx_word' id='word_1_198' title='bbox 430 1992 459 2050; x_wconf 89' lang='lat' dir='ltr'><strong>io</strong></span> <span class='ocrx_word' id='word_1_199' title='bbox 484 1990 548 2050; x_wconf 86' lang='lat' dir='ltr'><strong>eod.</strong></span> <span class='ocrx_word' id='word_1_200' title='bbox 571 1991 688 2051; x_wconf 77' lang='lat' dir='ltr'><strong>sarrau.</strong></span> <span class='ocrx_word' id='word_1_201' title='bbox 707 1999 736 2062; x_wconf 83' lang='lat'><strong>2,</strong></span> <span class='ocrx_word' id='word_1_202' title='bbox 754 1993 813 2051; x_wconf 87' lang='grc'><strong>336</strong></span> <span class='ocrx_word' id='word_1_203' title='bbox 831 2011 875 2069; x_wconf 79' lang='lat' dir='ltr'><strong>sq.</strong></span> <span class='ocrx_word' id='word_1_204' title='bbox 900 2000 931 2050; x_wconf 87' lang='lat' dir='ltr'><strong>et</strong></span> <span class='ocrx_word' id='word_1_205' title='bbox 953 1990 1056 2065; x_wconf 77' lang='lat' dir='ltr'><strong>o,1ts</strong></span> <span class='ocrx_word' id='word_1_206' title='bbox 1081 1993 1111 2051; x_wconf 91' lang='lat' dir='ltr'><strong>in</strong></span> <span class='ocrx_word' id='word_1_207' title='bbox 1133 1993 1230 2053; x_wconf 77' lang='lat' dir='ltr'><strong>iisdem</strong></span> 
     </span>
     <span class='ocr_line' id='line_1_20' title="bbox 127 2085 1228 2165; baseline -0.001 -20"><span class='ocrx_word' id='word_1_208' title='bbox 127 2087 269 2164; x_wconf 81' lang='lat' dir='ltr'><strong>scripturis</strong></span> <span class='ocrx_word' id='word_1_209' title='bbox 287 2087 328 2144; x_wconf 87' lang='lat' dir='ltr'><strong>bis</strong></span> <span class='ocrx_word' id='word_1_210' title='bbox 348 2085 454 2164; x_wconf 85' lang='lat' dir='ltr'><strong>positis.</strong></span> <span class='ocrx_word' id='word_1_211' title='bbox 492 2085 582 2145; x_wconf 79' lang='lat' dir='ltr'><strong>Missis</strong></span> <span class='ocrx_word' id='word_1_212' title='bbox 601 2087 630 2145; x_wconf 90' lang='lat' dir='ltr'><strong>id</strong></span> <span class='ocrx_word' id='word_1_213' title='bbox 649 2105 737 2165; x_wconf 81' lang='lat' dir='ltr'><strong>genus</strong></span> <span class='ocrx_word' id='word_1_214' title='bbox 755 2087 832 2155; x_wconf 88' lang='lat' dir='ltr'><strong>locis,</strong></span> <span class='ocrx_word' id='word_1_215' title='bbox 851 2089 1004 2159; x_wconf 74' lang='lat' dir='ltr'><strong>ut1,103.</strong></span> <span class='ocrx_word' id='word_1_216' title='bbox 1023 2089 1099 2162; x_wconf 74' lang='grc'>430,</span> <span class='ocrx_word' id='word_1_217' title='bbox 1116 2086 1150 2161; x_wconf 90' lang='grc'><strong>4,</strong></span> <span class='ocrx_word' id='word_1_218' title='bbox 1157 2086 1228 2162; x_wconf 76' lang='grc' dir='ltr'>69ος</span> 
     </span>
     <span class='ocr_line' id='line_1_21' title="bbox 126 2178 1229 2256; baseline 0 -17"><span class='ocrx_word' id='word_1_219' title='bbox 126 2181 237 2256; x_wconf 85' lang='grc'>6,176,</span> <span class='ocrx_word' id='word_1_220' title='bbox 256 2180 380 2238; x_wconf 74' lang='grc'>66161111</span> <span class='ocrx_word' id='word_1_221' title='bbox 398 2178 560 2240; x_wconf 71' lang='lat' dir='ltr'><strong>credas‘de</strong></span> <span class='ocrx_word' id='word_1_222' title='bbox 578 2179 705 2240; x_wconf 83' lang='lat' dir='ltr'><strong>Mediceo</strong></span> <span class='ocrx_word' id='word_1_223' title='bbox 725 2186 755 2255; x_wconf 94' lang='grc'><strong>1,</strong></span> <span class='ocrx_word' id='word_1_224' title='bbox 770 2180 827 2256; x_wconf 89' lang='grc'><strong>61,</strong></span> <span class='ocrx_word' id='word_1_225' title='bbox 846 2178 884 2239; x_wconf 77' lang='lat' dir='ltr'><strong>de</strong></span> <span class='ocrx_word' id='word_1_226' title='bbox 902 2178 1057 2239; x_wconf 78' lang='lat' dir='ltr'><strong>Polititneo</strong></span> <span class='ocrx_word' id='word_1_227' title='bbox 1076 2187 1107 2256; x_wconf 90' lang='grc'><strong>1,</strong></span> <span class='ocrx_word' id='word_1_228' title='bbox 1118 2182 1173 2254; x_wconf 85' lang='grc'><strong>66,</strong></span> <span class='ocrx_word' id='word_1_229' title='bbox 1192 2180 1229 2239; x_wconf 83' lang='lat' dir='ltr'><strong>dc</strong></span> 
     </span>
     <span class='ocr_line' id='line_1_22' title="bbox 126 2273 1227 2352; baseline -0.001 -18"><span class='ocrx_word' id='word_1_230' title='bbox 126 2275 331 2334; x_wconf 81' lang='lat' dir='ltr'><strong>Kloeklrotiano</strong></span> <span class='ocrx_word' id='word_1_231' title='bbox 354 2281 384 2349; x_wconf 89' lang='lat'><strong>1,</strong></span> <span class='ocrx_word' id='word_1_232' title='bbox 396 2275 466 2351; x_wconf 86' lang='grc'>604,</span> <span class='ocrx_word' id='word_1_233' title='bbox 492 2274 529 2335; x_wconf 84' lang='lat' dir='ltr'><strong>de</strong></span> <span class='ocrx_word' id='word_1_234' title='bbox 545 2274 670 2332; x_wconf 87' lang='lat' dir='ltr'><strong>Dusiano</strong></span> <span class='ocrx_word' id='word_1_235' title='bbox 695 2276 808 2350; x_wconf 53' lang='lat'>2592,</span> <span class='ocrx_word' id='word_1_236' title='bbox 830 2274 868 2333; x_wconf 92' lang='lat' dir='ltr'><strong>de</strong></span> <span class='ocrx_word' id='word_1_237' title='bbox 885 2273 1040 2332; x_wconf 87' lang='lat' dir='ltr'><strong>Petaniano</strong></span> <span class='ocrx_word' id='word_1_238' title='bbox 1059 2279 1091 2352; x_wconf 93' lang='grc'>3,</span> <span class='ocrx_word' id='word_1_239' title='bbox 1104 2275 1169 2345; x_wconf 79' lang='lat' dir='ltr'><strong>tot,</strong></span> <span class='ocrx_word' id='word_1_240' title='bbox 1188 2273 1227 2333; x_wconf 90' lang='lat' dir='ltr'><strong>de</strong></span> 
     </span>
     <span class='ocr_line' id='line_1_23' title="bbox 126 2367 1227 2445; baseline 0 -18"><span class='ocrx_word' id='word_1_241' title='bbox 126 2368 298 2427; x_wconf 89' lang='lat' dir='ltr'><strong>Londinensi</strong></span> <span class='ocrx_word' id='word_1_242' title='bbox 317 2373 347 2444; x_wconf 92' lang='grc'>3,</span> <span class='ocrx_word' id='word_1_243' title='bbox 361 2371 430 2445; x_wconf 88' lang='grc'>431,</span> <span class='ocrx_word' id='word_1_244' title='bbox 457 2369 494 2428; x_wconf 91' lang='lat' dir='ltr'><strong>de</strong></span> <span class='ocrx_word' id='word_1_245' title='bbox 512 2367 645 2427; x_wconf 82' lang='lat' dir='ltr'><strong>Francof.</strong></span> <span class='ocrx_word' id='word_1_246' title='bbox 664 2369 696 2443; x_wconf 97' lang='grc'><strong>4,</strong></span> <span class='ocrx_word' id='word_1_247' title='bbox 711 2371 781 2443; x_wconf 83' lang='grc'>770,</span> <span class='ocrx_word' id='word_1_248' title='bbox 806 2367 845 2426; x_wconf 93' lang='lat' dir='ltr'><strong>de</strong></span> <span class='ocrx_word' id='word_1_249' title='bbox 862 2368 970 2426; x_wconf 70' lang='lat' dir='ltr'><strong>uacus</strong></span> <span class='ocrx_word' id='word_1_250' title='bbox 983 2370 1016 2442; x_wconf 93' lang='grc'><strong>6,</strong></span> <span class='ocrx_word' id='word_1_251' title='bbox 1029 2367 1082 2442; x_wconf 87' lang='grc'><strong>66,</strong></span> <span class='ocrx_word' id='word_1_252' title='bbox 1103 2367 1141 2427; x_wconf 83' lang='lat' dir='ltr'><strong>de</strong></span> <span class='ocrx_word' id='word_1_253' title='bbox 1154 2367 1227 2427; x_wconf 86' lang='lat' dir='ltr'><strong>Ber·</strong></span> 
     </span>
     <span class='ocr_line' id='line_1_24' title="bbox 126 2461 1228 2539; baseline 0 -18"><span class='ocrx_word' id='word_1_254' title='bbox 126 2465 206 2521; x_wconf 87' lang='lat' dir='ltr'><strong>neusi</strong></span> <span class='ocrx_word' id='word_1_255' title='bbox 223 2465 254 2535; x_wconf 82' lang='lat'><strong>6,</strong></span> <span class='ocrx_word' id='word_1_256' title='bbox 265 2465 333 2520; x_wconf 86' lang='grc'>426.</span> <span class='ocrx_word' id='word_1_257' title='bbox 371 2462 417 2520; x_wconf 90' lang='lat' dir='ltr'><strong>De</strong></span> <span class='ocrx_word' id='word_1_258' title='bbox 443 2462 486 2521; x_wconf 77' lang='lat' dir='ltr'><strong>luis</strong></span> <span class='ocrx_word' id='word_1_259' title='bbox 509 2463 582 2522; x_wconf 88' lang='lat' dir='ltr'><strong>euim</strong></span> <span class='ocrx_word' id='word_1_260' title='bbox 608 2464 632 2522; x_wconf 89' lang='lat' dir='ltr'><strong>si</strong></span> <span class='ocrx_word' id='word_1_261' title='bbox 657 2480 711 2539; x_wconf 81' lang='lat' dir='ltr'><strong>ego</strong></span> <span class='ocrx_word' id='word_1_262' title='bbox 737 2478 913 2539; x_wconf 76' lang='lat' dir='ltr'><strong>peccassem,</strong></span> <span class='ocrx_word' id='word_1_263' title='bbox 938 2480 1014 2520; x_wconf 86' lang='lat' dir='ltr'><strong>nono</strong></span> <span class='ocrx_word' id='word_1_264' title='bbox 1037 2461 1158 2522; x_wconf 71' lang='lat' dir='ltr'><strong>fabem:</strong></span> <span class='ocrx_word' id='word_1_265' title='bbox 1181 2480 1228 2521; x_wconf 68' lang='grc' dir='ltr'><strong>ηε</strong></span> 
     </span>
     <span class='ocr_line' id='line_1_25' title="bbox 126 2553 1228 2634; baseline 0.002 -20"><span class='ocrx_word' id='word_1_266' title='bbox 126 2556 246 2632; x_wconf 85' lang='lat' dir='ltr'><strong>cognoui</strong></span> <span class='ocrx_word' id='word_1_267' title='bbox 268 2555 306 2613; x_wconf 87' lang='lat' dir='ltr'><strong>ad</strong></span> <span class='ocrx_word' id='word_1_268' title='bbox 330 2553 514 2634; x_wconf 84' lang='lat' dir='ltr'><strong>autographa.</strong></span> <span class='ocrx_word' id='word_1_269' title='bbox 553 2557 676 2634; x_wconf 86' lang='lat' dir='ltr'><strong>Deliquit</strong></span> <span class='ocrx_word' id='word_1_270' title='bbox 701 2554 846 2632; x_wconf 84' lang='lat' dir='ltr'><strong>aliquoties</strong></span> <span class='ocrx_word' id='word_1_271' title='bbox 872 2556 955 2612; x_wconf 86' lang='lat' dir='ltr'><strong>etlam</strong></span> <span class='ocrx_word' id='word_1_272' title='bbox 980 2556 1127 2632; x_wconf 76' lang='lat' dir='ltr'><strong>Heinsius,</strong></span> <span class='ocrx_word' id='word_1_273' title='bbox 1154 2557 1228 2616; x_wconf 84' lang='lat' dir='ltr'><strong>cuius</strong></span> 
     </span>
     <span class='ocr_line' id='line_1_26' title="bbox 20 2648 1228 2730; baseline 0.002 -24"><span class='ocrx_word' id='word_1_274' title='bbox 20 2659 22 2662; x_wconf 80' lang='grc'>’</span> <span class='ocrx_word' id='word_1_275' title='bbox 126 2648 320 2708; x_wconf 88' lang='lat' dir='ltr'><strong>annotationes</strong></span> <span class='ocrx_word' id='word_1_276' title='bbox 338 2651 367 2708; x_wconf 86' lang='lat' dir='ltr'><strong>in</strong></span> <span class='ocrx_word' id='word_1_277' title='bbox 386 2650 509 2709; x_wconf 89' lang='lat' dir='ltr'><strong>editione</strong></span> <span class='ocrx_word' id='word_1_278' title='bbox 522 2650 730 2708; x_wconf 88' lang='lat' dir='ltr'><strong>Burmanuiana</strong></span> <span class='ocrx_word' id='word_1_279' title='bbox 751 2648 879 2726; x_wconf 89' lang='lat' dir='ltr'><strong>imperite</strong></span> <span class='ocrx_word' id='word_1_280' title='bbox 896 2658 998 2708; x_wconf 86' lang='lat' dir='ltr'><strong>anctae</strong></span> <span class='ocrx_word' id='word_1_281' title='bbox 1013 2650 1122 2709; x_wconf 80' lang='lat' dir='ltr'><strong>insuntc</strong></span> <span class='ocrx_word' id='word_1_282' title='bbox 1141 2667 1228 2730; x_wconf 82' lang='lat' dir='ltr'><strong>quare</strong></span> 
     </span>
     <span class='ocr_line' id='line_1_27' title="bbox 125 2739 1228 2822; baseline 0.002 -21"><span class='ocrx_word' id='word_1_283' title='bbox 125 2739 163 2801; x_wconf 86' lang='lat' dir='ltr'><strong>de</strong></span> <span class='ocrx_word' id='word_1_284' title='bbox 182 2742 235 2800; x_wconf 83' lang='lat' dir='ltr'><strong>bac</strong></span> <span class='ocrx_word' id='word_1_285' title='bbox 254 2761 285 2802; x_wconf 92' lang='lat' dir='ltr'><strong>re</strong></span> <span class='ocrx_word' id='word_1_286' title='bbox 303 2761 385 2801; x_wconf 91' lang='lat' dir='ltr'><strong>nemo</strong></span> <span class='ocrx_word' id='word_1_287' title='bbox 404 2744 465 2802; x_wconf 88' lang='lat' dir='ltr'><strong>sine</strong></span> <span class='ocrx_word' id='word_1_288' title='bbox 479 2743 666 2802; x_wconf 81' lang='lat' dir='ltr'><strong>lllueuirianis</strong></span> <span class='ocrx_word' id='word_1_289' title='bbox 678 2743 864 2802; x_wconf 87' lang='lat' dir='ltr'><strong>uoluminibus</strong></span> <span class='ocrx_word' id='word_1_290' title='bbox 884 2742 1006 2802; x_wconf 85' lang='lat' dir='ltr'><strong>iudicare</strong></span> <span class='ocrx_word' id='word_1_291' title='bbox 1023 2746 1140 2822; x_wconf 85' lang='lat' dir='ltr'><strong>poterit.</strong></span> <span class='ocrx_word' id='word_1_292' title='bbox 1172 2744 1228 2813; x_wconf 84' lang='lat' dir='ltr'><strong>Qui</strong></span> 
     </span>
     <span class='ocr_line' id='line_1_28' title="bbox 125 2825 1241 2916; baseline 0.003 -22"><span class='ocrx_word' id='word_1_293' title='bbox 125 2853 189 2894; x_wconf 91' lang='lat' dir='ltr'><strong>com</strong></span> <span class='ocrx_word' id='word_1_294' title='bbox 208 2836 261 2896; x_wconf 84' lang='lat' dir='ltr'><strong>illis</strong></span> <span class='ocrx_word' id='word_1_295' title='bbox 280 2847 376 2896; x_wconf 87' lang='lat' dir='ltr'><strong>nostra</strong></span> <span class='ocrx_word' id='word_1_296' title='bbox 393 2837 557 2910; x_wconf 87' lang='lat' dir='ltr'><strong>contulerit,</strong></span> <span class='ocrx_word' id='word_1_297' title='bbox 584 2837 724 2912; x_wconf 87' lang='lat' dir='ltr'><strong>inueniet,</strong></span> <span class='ocrx_word' id='word_1_298' title='bbox 747 2836 815 2916; x_wconf 91' lang='lat' dir='ltr'><strong>quid</strong></span> <span class='ocrx_word' id='word_1_299' title='bbox 839 2837 868 2894; x_wconf 91' lang='lat' dir='ltr'><strong>in</strong></span> <span class='ocrx_word' id='word_1_300' title='bbox 893 2838 1076 2896; x_wconf 85' lang='lat' dir='ltr'><strong>annotatione</strong></span> <span class='ocrx_word' id='word_1_301' title='bbox 1099 2835 1178 2896; x_wconf 87' lang='lat' dir='ltr'><strong>edita</strong></span> <span class='ocrx_word' id='word_1_302' title='bbox 1194 2825 1241 2897; x_wconf 69' lang='lat' dir='ltr'><strong>cxv</strong></span> 
     </span>
     <span class='ocr_line' id='line_1_29' title="bbox 125 2929 1227 3011; baseline 0.002 -24"><span class='ocrx_word' id='word_1_303' title='bbox 125 2929 235 2989; x_wconf 86' lang='lat' dir='ltr'><strong>schedis</strong></span> <span class='ocrx_word' id='word_1_304' title='bbox 253 2932 438 2991; x_wconf 82' lang='lat' dir='ltr'><strong>correxerim:</strong></span> <span class='ocrx_word' id='word_1_305' title='bbox 457 2931 525 3011; x_wconf 89' lang='lat' dir='ltr'><strong>quid</strong></span> <span class='ocrx_word' id='word_1_306' title='bbox 544 2951 579 2990; x_wconf 86' lang='lat' dir='ltr'><strong>ex</strong></span> <span class='ocrx_word' id='word_1_307' title='bbox 601 2933 650 2991; x_wconf 87' lang='lat' dir='ltr'><strong>illa</strong></span> <span class='ocrx_word' id='word_1_308' title='bbox 668 2931 864 3010; x_wconf 75' lang='lat' dir='ltr'><strong>assumpserim</strong></span> <span class='ocrx_word' id='word_1_309' title='bbox 882 2930 912 2988; x_wconf 88' lang='lat' dir='ltr'><strong>iu</strong></span> <span class='ocrx_word' id='word_1_310' title='bbox 931 2929 976 2989; x_wconf 90' lang='lat' dir='ltr'><strong>bis</strong></span> <span class='ocrx_word' id='word_1_311' title='bbox 994 2949 1052 2990; x_wconf 88' lang='lat' dir='ltr'><strong>uun</strong></span> <span class='ocrx_word' id='word_1_312' title='bbox 1071 2931 1227 3006; x_wconf 73' lang='lat' dir='ltr'><strong>nummu,</strong></span> 
     </span>
     <span class='ocr_line' id='line_1_30' title="bbox 124 3023 1227 3106; baseline 0.004 -23"><span class='ocrx_word' id='word_1_313' title='bbox 124 3024 202 3103; x_wconf 88' lang='lat' dir='ltr'><strong>quod</strong></span> <span class='ocrx_word' id='word_1_314' title='bbox 220 3026 396 3106; x_wconf 84' lang='lat' dir='ltr'><strong>plerumque,</strong></span> <span class='ocrx_word' id='word_1_315' title='bbox 414 3046 470 3086; x_wconf 88' lang='lat' dir='ltr'><strong>non</strong></span> <span class='ocrx_word' id='word_1_316' title='bbox 488 3043 600 3105; x_wconf 78' lang='lat' dir='ltr'><strong>semper</strong></span> <span class='ocrx_word' id='word_1_317' title='bbox 618 3025 751 3100; x_wconf 87' lang='lat' dir='ltr'><strong>indicaui,</strong></span> <span class='ocrx_word' id='word_1_318' title='bbox 769 3042 827 3083; x_wconf 93' lang='lat' dir='ltr'><strong>uon</strong></span> <span class='ocrx_word' id='word_1_319' title='bbox 846 3024 951 3103; x_wconf 87' lang='lat' dir='ltr'><strong>poterit</strong></span> <span class='ocrx_word' id='word_1_320' title='bbox 967 3023 1161 3102; x_wconf 80' lang='lat' dir='ltr'><strong>deprehendit</strong></span> <span class='ocrx_word' id='word_1_321' title='bbox 1178 3023 1227 3086; x_wconf 80' lang='lat' dir='ltr'><strong>ted</strong></span> 
     </span>
     <span class='ocr_line' id='line_1_31' title="bbox 125 3119 1012 3199; baseline 0 -23"><span class='ocrx_word' id='word_1_322' title='bbox 125 3137 216 3198; x_wconf 85' lang='lat' dir='ltr'><strong>neque</strong></span> <span class='ocrx_word' id='word_1_323' title='bbox 236 3124 352 3181; x_wconf 89' lang='lat' dir='ltr'><strong>multum</strong></span> <span class='ocrx_word' id='word_1_324' title='bbox 371 3130 425 3195; x_wconf 84' lang='lat' dir='ltr'><strong>est,</strong></span> <span class='ocrx_word' id='word_1_325' title='bbox 445 3140 537 3199; x_wconf 88' lang='lat' dir='ltr'><strong>neque</strong></span> <span class='ocrx_word' id='word_1_326' title='bbox 556 3130 661 3180; x_wconf 87' lang='lat' dir='ltr'><strong>temere</strong></span> <span class='ocrx_word' id='word_1_327' title='bbox 679 3137 696 3176; x_wconf 90' lang='lat' dir='ltr'><strong>a</strong></span> <span class='ocrx_word' id='word_1_328' title='bbox 714 3138 758 3180; x_wconf 87' lang='lat' dir='ltr'><strong>me</strong></span> <span class='ocrx_word' id='word_1_329' title='bbox 778 3119 1012 3181; x_wconf 86' lang='lat' dir='ltr'><strong>administratum.</strong></span> 
     </span>
     <span class='ocr_line' id='line_1_32' title="bbox 35 3208 997 3280; baseline -0.003 -9"><span class='ocrx_word' id='word_1_330' title='bbox 35 3208 41 3227; x_wconf 81' lang='lat'><strong><em>¹</em></strong></span> <span class='ocrx_word' id='word_1_331' title='bbox 167 3254 177 3274; x_wconf 88' lang='grc'><strong>.,</strong></span> <span class='ocrx_word' id='word_1_332' title='bbox 200 3217 249 3274; x_wconf 88' lang='grc'>40.</span> <span class='ocrx_word' id='word_1_333' title='bbox 289 3219 337 3280; x_wconf 76' lang='grc'>10.</span> <span class='ocrx_word' id='word_1_334' title='bbox 366 3216 455 3274; x_wconf 84' lang='lat' dir='ltr'><strong>codex</strong></span> <span class='ocrx_word' id='word_1_335' title='bbox 472 3213 651 3279; x_wconf 85' lang='lat' dir='ltr'><strong>Bullialdi</strong></span> <span class='ocrx_word' id='word_1_336' title='bbox 670 3231 734 3272; x_wconf 86' lang='lat' dir='ltr'><strong>raro</strong></span> <span class='ocrx_word' id='word_1_337' title='bbox 755 3221 997 3271; x_wconf 83' lang='lat' dir='ltr'><strong>commemorator.</strong></span> 
     </span>
     <span class='ocr_line' id='line_1_33' title="bbox 201 3304 1228 3384; baseline 0 -18"><span class='ocrx_word' id='word_1_338' title='bbox 201 3310 251 3383; x_wconf 86' lang='grc'><strong>60,</strong></span> <span class='ocrx_word' id='word_1_339' title='bbox 268 3311 317 3368; x_wconf 89' lang='grc'>61.</span> <span class='ocrx_word' id='word_1_340' title='bbox 345 3315 396 3384; x_wconf 83' lang='grc'>20,</span> <span class='ocrx_word' id='word_1_341' title='bbox 410 3316 458 3368; x_wconf 86' lang='grc'>21.</span> <span class='ocrx_word' id='word_1_342' title='bbox 488 3308 710 3367; x_wconf 86' lang='lat' dir='ltr'><strong>Ambrosiani</strong></span> <span class='ocrx_word' id='word_1_343' title='bbox 729 3307 797 3382; x_wconf 90' lang='lat' dir='ltr'><strong>duo,</strong></span> <span class='ocrx_word' id='word_1_344' title='bbox 816 3306 854 3364; x_wconf 88' lang='lat' dir='ltr'><strong>de</strong></span> <span class='ocrx_word' id='word_1_345' title='bbox 872 3306 973 3383; x_wconf 87' lang='lat' dir='ltr'><strong>quibus</strong></span> <span class='ocrx_word' id='word_1_346' title='bbox 987 3304 1145 3365; x_wconf 81' lang='lat' dir='ltr'><strong>Moutlauo.</strong></span> <span class='ocrx_word' id='word_1_347' title='bbox 1162 3306 1228 3366; x_wconf 80' lang='lat' dir='ltr'><strong>bibl.</strong></span> 
     </span>
     <span class='ocr_line' id='line_1_34' title="bbox 124 3397 1258 3480; baseline -0.004 -22"><span class='ocrx_word' id='word_1_348' title='bbox 124 3402 193 3460; x_wconf 85' lang='lat' dir='ltr'><strong>bibl.</strong></span> <span class='ocrx_word' id='word_1_349' title='bbox 214 3409 250 3476; x_wconf 92' lang='grc'><strong>1,</strong></span> <span class='ocrx_word' id='word_1_350' title='bbox 269 3397 414 3479; x_wconf 53' lang='grc'>66216,</span> <span class='ocrx_word' id='word_1_351' title='bbox 443 3404 571 3468; x_wconf 87' lang='lat' dir='ltr'><strong>Heinsius</strong></span> <span class='ocrx_word' id='word_1_352' title='bbox 597 3403 627 3460; x_wconf 88' lang='lat' dir='ltr'><strong>iu</strong></span> <span class='ocrx_word' id='word_1_353' title='bbox 651 3419 698 3480; x_wconf 88' lang='lat' dir='ltr'><strong>ep.</strong></span> <span class='ocrx_word' id='word_1_354' title='bbox 724 3401 761 3459; x_wconf 88' lang='lat' dir='ltr'><strong>ad</strong></span> <span class='ocrx_word' id='word_1_355' title='bbox 785 3402 914 3462; x_wconf 85' lang='lat' dir='ltr'><strong>Gronou.</strong></span> <span class='ocrx_word' id='word_1_356' title='bbox 934 3418 964 3478; x_wconf 93' lang='lat' dir='ltr'><strong>p.</strong></span> <span class='ocrx_word' id='word_1_357' title='bbox 982 3401 1048 3463; x_wconf 85' lang='grc'>109.</span> <span class='ocrx_word' id='word_1_358' title='bbox 1092 3398 1168 3461; x_wconf 85' lang='lat' dir='ltr'><strong>Vide</strong></span> <span class='ocrx_word' id='word_1_359' title='bbox 1193 3399 1229 3459; x_wconf 93' lang='lat' dir='ltr'><strong>de</strong></span> <span class='ocrx_word' id='word_1_360' title='bbox 1254 3445 1258 3453; x_wconf 89' lang='lat'>.</span> 
     </span>
     <span class='ocr_line' id='line_1_35' title="bbox 123 3494 869 3575; baseline -0.007 -21"><span class='ocrx_word' id='word_1_361' title='bbox 123 3497 220 3574; x_wconf 85' lang='lat' dir='ltr'><strong>priore</strong></span> <span class='ocrx_word' id='word_1_362' title='bbox 236 3516 322 3575; x_wconf 85' lang='lat' dir='ltr'><strong>supra</strong></span> <span class='ocrx_word' id='word_1_363' title='bbox 341 3499 437 3571; x_wconf 82' lang='lat' dir='ltr'><strong>n.te;</strong></span> <span class='ocrx_word' id='word_1_364' title='bbox 457 3497 529 3555; x_wconf 83' lang='lat' dir='ltr'><strong>alter</strong></span> <span class='ocrx_word' id='word_1_365' title='bbox 547 3516 604 3555; x_wconf 93' lang='lat' dir='ltr'><strong>nou</strong></span> <span class='ocrx_word' id='word_1_366' title='bbox 622 3504 665 3554; x_wconf 83' lang='lat' dir='ltr'><strong>est</strong></span> <span class='ocrx_word' id='word_1_367' title='bbox 683 3511 800 3571; x_wconf 81' lang='lat' dir='ltr'><strong>magnae</strong></span> <span class='ocrx_word' id='word_1_368' title='bbox 818 3494 869 3556; x_wconf 80' lang='lat' dir='ltr'><strong>rel.</strong></span> 
     </span>
     <span class='ocr_line' id='line_1_36' title="bbox 202 3588 1229 3666; baseline -0.001 -18"><span class='ocrx_word' id='word_1_369' title='bbox 202 3590 340 3663; x_wconf 74' lang='lat'>52-55,</span> <span class='ocrx_word' id='word_1_370' title='bbox 379 3591 518 3648; x_wconf 75' lang='lat'><strong>22-25,</strong></span> <span class='ocrx_word' id='word_1_371' title='bbox 545 3588 762 3648; x_wconf 84' lang='lat' dir='ltr'><strong>Farnesiani</strong></span> <span class='ocrx_word' id='word_1_372' title='bbox 789 3596 909 3666; x_wconf 87' lang='lat' dir='ltr'><strong>quatuor</strong></span> <span class='ocrx_word' id='word_1_373' title='bbox 928 3597 1183 3647; x_wconf 87' lang='lat' dir='ltr'><strong>commemorantur</strong></span> <span class='ocrx_word' id='word_1_374' title='bbox 1201 3594 1229 3664; x_wconf 92' lang='grc'><strong>1,</strong></span> 
     </span>
    </p>
   </div>
   <div class='ocr_carea' id='block_1_3' title="bbox 1269 526 1279 1893">
    <p class='ocr_par' dir='ltr' id='par_1_3' title="bbox 1269 526 1279 1893">
     <span class='ocr_line' id='line_1_37' title="bbox 1269 526 1279 1893; baseline 0 0"><span class='ocrx_word' id='word_1_375' title='bbox 1269 526 1279 1893; x_wconf 95' lang='lat' dir='ltr'><strong> </strong></span> 
     </span>
    </p>
   </div>
   <div class='ocr_carea' id='block_1_4' title="bbox 121 3679 1230 4043">
    <p class='ocr_par' dir='ltr' id='par_1_4' title="bbox 121 3679 1230 4043">
     <span class='ocr_line' id='line_1_38' title="bbox 124 3679 1229 3762; baseline -0.005 -17"><span class='ocrx_word' id='word_1_376' title='bbox 124 3686 196 3745; x_wconf 70' lang='lat'><strong>3292</strong></span> <span class='ocrx_word' id='word_1_377' title='bbox 215 3687 337 3762; x_wconf 76' lang='lat' dir='ltr'><strong>optimus</strong></span> <span class='ocrx_word' id='word_1_378' title='bbox 355 3702 451 3742; x_wconf 88' lang='lat' dir='ltr'><strong>eorum</strong></span> <span class='ocrx_word' id='word_1_379' title='bbox 470 3686 571 3757; x_wconf 86' lang='grc'>3,101</span> <span class='ocrx_word' id='word_1_380' title='bbox 591 3685 620 3742; x_wconf 94' lang='lat' dir='ltr'><strong>in</strong></span> <span class='ocrx_word' id='word_1_381' title='bbox 640 3701 706 3742; x_wconf 89' lang='lat' dir='ltr'><strong>ann.</strong></span> <span class='ocrx_word' id='word_1_382' title='bbox 725 3681 772 3740; x_wconf 87' lang='lat' dir='ltr'><strong>ed.</strong></span> <span class='ocrx_word' id='word_1_383' title='bbox 792 3682 901 3756; x_wconf 73' lang='lat' dir='ltr'><strong>Heius,</strong></span> <span class='ocrx_word' id='word_1_384' title='bbox 920 3679 1229 3758; x_wconf 59' lang='lat' dir='ltr'><strong>discuteremus,</strong></span> 
     </span>
     <span class='ocr_line' id='line_1_39' title="bbox 121 3771 1230 3856; baseline 0 -20"><span class='ocrx_word' id='word_1_385' title='bbox 121 3779 231 3855; x_wconf 59' lang='lat' dir='ltr'><strong>mium</strong></span> <span class='ocrx_word' id='word_1_386' title='bbox 247 3785 274 3837; x_wconf 85' lang='lat' dir='ltr'><strong>el</strong></span> <span class='ocrx_word' id='word_1_387' title='bbox 291 3781 389 3838; x_wconf 69' lang='lat' dir='ltr'><strong>testim</strong></span> <span class='ocrx_word' id='word_1_388' title='bbox 407 3781 435 3848; x_wconf 88' lang='grc'><strong>6,</strong></span> <span class='ocrx_word' id='word_1_389' title='bbox 449 3781 507 3837; x_wconf 89' lang='grc'><strong>437</strong></span> <span class='ocrx_word' id='word_1_390' title='bbox 526 3778 555 3840; x_wconf 91' lang='lat' dir='ltr'><strong>in</strong></span> <span class='ocrx_word' id='word_1_391' title='bbox 574 3777 695 3855; x_wconf 77' lang='lat' dir='ltr'><strong>schedis,</strong></span> <span class='ocrx_word' id='word_1_392' title='bbox 714 3794 788 3837; x_wconf 74' lang='lat' dir='ltr'><strong>trous</strong></span> <span class='ocrx_word' id='word_1_393' title='bbox 807 3793 863 3836; x_wconf 84' lang='lat' dir='ltr'><strong>trott</strong></span> <span class='ocrx_word' id='word_1_394' title='bbox 880 3793 997 3856; x_wconf 73' lang='lat' dir='ltr'><strong>mopuoc</strong></span> <span class='ocrx_word' id='word_1_395' title='bbox 1015 3771 1081 3849; x_wconf 67' lang='lat' dir='ltr'><strong>fidoi</strong></span> <span class='ocrx_word' id='word_1_396' title='bbox 1097 3779 1183 3853; x_wconf 84' lang='grc'>2,67</span> <span class='ocrx_word' id='word_1_397' title='bbox 1199 3777 1230 3837; x_wconf 87' lang='lat' dir='ltr'><strong>iu</strong></span> 
     </span>
     <span class='ocr_line' id='line_1_40' title="bbox 122 3891 1230 4043; baseline -0.003 -17"><span class='ocrx_word' id='word_1_398' title='bbox 122 3891 310 4043; x_wconf 49' lang='lat' dir='ltr'><strong>ming-&#39;ii</strong></span> <span class='ocrx_word' id='word_1_399' title='bbox 338 3969 388 4041; x_wconf 82' lang='grc'><strong>26,</strong></span> <span class='ocrx_word' id='word_1_400' title='bbox 398 3969 446 4029; x_wconf 82' lang='lat'><strong>27.</strong></span> <span class='ocrx_word' id='word_1_401' title='bbox 471 3967 715 4027; x_wconf 86' lang='lat' dir='ltr'><strong>Bononienses</strong></span> <span class='ocrx_word' id='word_1_402' title='bbox 733 3965 790 4024; x_wconf 86' lang='lat' dir='ltr'><strong>duo</strong></span> <span class='ocrx_word' id='word_1_403' title='bbox 809 3981 895 4043; x_wconf 85' lang='lat' dir='ltr'><strong>saepe</strong></span> <span class='ocrx_word' id='word_1_404' title='bbox 914 3964 1101 4023; x_wconf 87' lang='lat' dir='ltr'><strong>nominantur.</strong></span> <span class='ocrx_word' id='word_1_405' title='bbox 1133 3961 1230 4023; x_wconf 89' lang='lat' dir='ltr'><strong>Credo</strong></span> 
     </span>
    </p>
   </div>
   <div class='ocr_carea' id='block_1_5' title="bbox 69 4057 1229 4312">
    <p class='ocr_par' dir='ltr' id='par_1_5' title="bbox 69 4057 1229 4312">
     <span class='ocr_line' id='line_1_41' title="bbox 123 4057 1229 4141; baseline -0.004 -20"><span class='ocrx_word' id='word_1_406' title='bbox 123 4080 172 4121; x_wconf 87' lang='lat' dir='ltr'><strong>eos</strong></span> <span class='ocrx_word' id='word_1_407' title='bbox 186 4079 258 4136; x_wconf 85' lang='lat' dir='ltr'><strong>csse,</strong></span> <span class='ocrx_word' id='word_1_408' title='bbox 276 4081 347 4140; x_wconf 91' lang='lat' dir='ltr'><strong>quos</strong></span> <span class='ocrx_word' id='word_1_409' title='bbox 366 4061 502 4123; x_wconf 88' lang='lat' dir='ltr'><strong>iudicatos</strong></span> <span class='ocrx_word' id='word_1_410' title='bbox 515 4062 633 4122; x_wconf 70' lang='lat' dir='ltr'><strong>,inuenio</strong></span> <span class='ocrx_word' id='word_1_411' title='bbox 652 4063 681 4121; x_wconf 89' lang='lat' dir='ltr'><strong>in</strong></span> <span class='ocrx_word' id='word_1_412' title='bbox 699 4060 809 4120; x_wconf 85' lang='lat' dir='ltr'><strong>schedis</strong></span> <span class='ocrx_word' id='word_1_413' title='bbox 820 4059 1033 4141; x_wconf 73' lang='lat' dir='ltr'><strong>spanhemium</strong></span> <span class='ocrx_word' id='word_1_414' title='bbox 1051 4059 1111 4120; x_wconf 71' lang='lat' dir='ltr'><strong>ml</strong></span> <span class='ocrx_word' id='word_1_415' title='bbox 1126 4057 1229 4122; x_wconf 82' lang='lat' dir='ltr'><strong>biblio·</strong></span> 
     </span>
     <span class='ocr_line' id='line_1_42' title="bbox 124 4153 881 4239; baseline -0.001 -22"><span class='ocrx_word' id='word_1_416' title='bbox 124 4156 222 4219; x_wconf 83' lang='lat' dir='ltr'><strong>thecae</strong></span> <span class='ocrx_word' id='word_1_417' title='bbox 241 4174 343 4223; x_wconf 78' lang='lat' dir='ltr'><strong>canon..</strong></span> <span class='ocrx_word' id='word_1_418' title='bbox 359 4176 419 4239; x_wconf 82' lang='lat' dir='ltr'><strong>reg.</strong></span> <span class='ocrx_word' id='word_1_419' title='bbox 438 4158 471 4221; x_wconf 82' lang='lat' dir='ltr'><strong>S.</strong></span> <span class='ocrx_word' id='word_1_420' title='bbox 490 4156 646 4220; x_wconf 80' lang='lat' dir='ltr'><strong>saluatoris</strong></span> <span class='ocrx_word' id='word_1_421' title='bbox 662 4153 819 4219; x_wconf 73' lang='lat' dir='ltr'><strong>bononiae.</strong></span> <span class='ocrx_word' id='word_1_422' title='bbox 878 4176 881 4180; x_wconf 92' lang='lat'>·</span> 
     </span>
     <span class='ocr_line' id='line_1_43' title="bbox 69 4278 182 4312; baseline 0 0"><span class='ocrx_word' id='word_1_423' title='bbox 69 4278 182 4312; x_wconf 46' lang='lat' dir='ltr'><strong>*a</strong></span> 
     </span>
    </p>
   </div>
   <div class='ocr_carea' id='block_1_6' title="bbox 0 0 1280 4574">
    <p class='ocr_par' dir='ltr' id='par_1_6' title="bbox 0 0 1280 4574">
     <span class='ocr_line' id='line_1_44' title="bbox 0 0 1280 4574; baseline 0 3"><span class='ocrx_word' id='word_1_424' title='bbox 0 0 1280 4574; x_wconf 95' lang='lat' dir='ltr'><strong> </strong></span> 
     </span>
    </p>
   </div>
  </div>
 </body>
</html>
