2550 4574
132 229 256 336 coxorr
446 274 522 325 ooo.
543 259 594 324 50.
614 271 709 325 onon.
730 272 808 324 noo.
827 274 927 324 vero.
996 250 1000 261 '

210 434 258 490 80.
296 428 345 489 60.
374 427 438 488 Hoc
461 442 578 488 numero
600 430 738 510 impertiri
764 429 913 509 scripturas
931 445 968 489 ex
992 428 1233 506 glossematis

134 523 235 584 codicis
253 521 495 583 Londinensir
513 522 583 582 lunii
601 542 724 591 seorsum
744 526 869 585 enotatas
887 523 924 581 ab
937 522 1065 581 Heinsio.
1095 523 1192 601 Atque
1208 521 1234 580 bi
1271 542 1273 549 ·

133 628 198 677 suut
217 617 288 692 libri,
306 634 426 695 qnorum
442 633 644 694 saepenumero
663 635 718 674 non
738 615 859 675 indicato
878 615 988 675 nomine
1006 616 1170 694 scripturae
1186 634 1235 694 po·

137 719 250 770 nuutur.
288 709 333 767 Ex
353 709 503 770 innumeris
527 710 594 768 locis
619 709 702 767 didici
726 709 909 789 qnadraginta
926 708 987 768 iere
1004 708 1133 785 integros
1152 707 1235 769 fnisse

133 803 261 878 collatos,
280 820 298 860 a
318 818 374 879 qno
390 819 506 860 numero
521 801 692 861 subducendi
711 804 732 861 ii
751 811 842 877 erant,
862 820 979 880 quorum
993 803 1109 860 nomina
1122 801 1235 862 aliunde

134 898 245 975 cognita
264 895 412 954 habebam.
446 895 504 954 Res
523 895 577 955 fuit
595 896 732 956 interdum
750 895 927 954 difficillimae
946 895 1178 972 ratiocinationis,
1196 896 1235 954 in·

115 990 244 1050 ltendum
264 998 376 1068 prorsus
396 989 534 1048 incertae:
554 992 678 1067 praestiti
697 990 800 1049 scilicet
818 987 893 1068 quod
912 989 1001 1066 potui.

210 1085 261 1142 81.
295 1082 412 1141 lacobus
424 1082 624 1142 Grononius
642 1081 785 1162 aliquoties
799 1081 899 1146 codicis
915 1081 978 1139 msti
996 1082 1153 1161 scripturas
1173 1102 1234 1163 per·

133 1176 242 1256 scripsit
259 1175 288 1233 io
304 1175 454 1255 exemplari
473 1176 595 1256 quodam
614 1176 739 1237 editionis
754 1177 932 1252 Heinsianae,
951 1193 1034 1254 quem
1048 1195 1104 1236 suo
1122 1179 1235 1236 nomine

133 1268 283 1350 appellaui.
520 1342 522 1347 Α

210 1365 258 1421 82.
295 1362 394 1422 Editus
415 1372 524 1423 ueteres
545 1365 648 1423 contuli
666 1365 880 1424 Rubeanam
899 1363 1036 1423 Venetam
1057 1365 1151 1440 1475,
1169 1365 1234 1423 Za·

134 1454 226 1514 cotti
244 1454 479 1533 Mediolanensem
500 1459 586 1534 1477,
607 1459 830 1517 vicentinam
850 1459 937 1533 1480,
955 1456 1129 1517 Venetam
1151 1459 1235 1527 1484,

135 1547 303 1608 Aldinam
324 1549 418 1625 1502,
445 1549 738 1611 Mediolanensem
762 1571 826 1610 cum
850 1553 1051 1610 commentariis
1070 1552 1140 1611 Ant.
1161 1552 1236 1611 Con·
1262 1522 1273 1613 l

132 1642 247 1701 stantioi
265 1651 294 1700 et
312 1641 392 1702 Pauli
408 1644 493 1703 Marsi
513 1645 598 1721 1510,
617 1645 775 1703 Aldinam
796 1648 882 1704 1516.
919 1644 984 1703 Non
1004 1643 1124 1702 multum
1145 1636 1265 1704 brusa!

135 1734 224 1813 frugis
242 1737 347 1812 inueni,
366 1739 635 1815 itaque·rummatim
653 1740 701 1798 nbi
714 1741 809 1818 plures
823 1739 998 1798 consentiunt
1010 1735 1072 1796 odd.
1085 1743 1161 1815 om..
1176 1736 1236 1797 leu-

134 1828 211 1907 dani,
230 1848 283 1889 nec
301 1831 353 1888 nisi
372 1827 456 1907 paulo
475 1832 604 1907 grauiora
622 1831 789 1892 enucleatius
807 1833 900 1912 posui.

194 1926 266 2005 ‚Hic
284 1941 385 1982 censeo
403 1924 582 1983 subsistamus
601 1936 630 1984 et
649 1944 667 1984 a
684 1927 796 1985 minutis
814 1928 905 2002 curis,
929 1926 966 1984 ab
983 1925 1119 2004 improbis
1137 1922 1235 1985 iudici·

134 2018 187 2077 bus
209 2027 239 2076 et
257 2017 493 2095 compilatoribus,
512 2036 630 2096 quorum
643 2020 769 2097 proxime
781 2027 848 2078 ante
859 2029 889 2078 et
901 2028 975 2078 retro
988 2019 1072 2077 turba
1090 2035 1124 2078 se
1140 2027 1245 2079 omna

135 2113 191 2186 dit,
215 2122 364 2171 euocatum
383 2114 505 2172 animum
524 2113 660 2190 erigamus
679 2132 735 2172 non
755 2112 791 2171 ad
809 2112 980 2172 Batauorum
1000 2113 1158 2192 priscorum
1175 2128 1233 2171 me·

134 2207 263 2282 moriam,
282 2206 356 2285 inter
376 2224 447 2283 quos
467 2206 565 2264 uixisse
584 2207 716 2281 dicimur,
736 2225 791 2265 non
810 2205 846 2264 ad
864 2207 1073 2285 posteritatem,
1093 2204 1230 2284 adquam

135 2299 220 2358 ualde
239 2289 394 2378 optandum
413 2301 457 2357 est
474 2317 511 2357 ne
530 2301 677 2379 quicquam
696 2301 780 2358 nostri
797 2300 985 2377 insuperatum
1005 2299 1125 2358 transire
1140 2299 1229 2357 sinaut

135 2394 247 2471 ingenia
266 2410 338 2470 qnae
360 2401 424 2468 post
443 2389 500 2450 Od.
519 2391 685 2453 Muellerum
707 2403 736 2452 et
754 2393 829 2450 Rud.
844 2392 1038 2468 Klausenium,
1057 2391 1227 2451 admirubdcs

134 2488 227 2562 uiros,
252 2485 429 2563 antiquitates
448 2503 540 2544 sacras
559 2487 749 2545 Romanorum
768 2487 920 2560 illustrant3
945 2485 994 2543 sed
1013 2486 1050 2543 ad
1069 2503 1224 2563 magnorum
1271 2546 1273 2569 Ι

135 2582 291 2639 criticorum
312 2578 392 2636 buius
416 2579 480 2637 aeui
499 2580 671 2655 claritatem,
696 2597 814 2658 quorum
839 2581 972 2637 maximus
990 2587 1033 2638 est
1051 2578 1223 2639 Godoiiadus

136 2675 310 2733 Hermannns
333 2690 386 2749 per
403 2671 499 2731 decem
519 2688 606 2731 annos
625 2673 709 2731 tacita
727 2674 785 2745 (ita
802 2673 875 2731 enim
893 2671 993 2730 decere
1010 2674 1164 2751 putabam)
1181 2689 1220 2731 ue·

137 2768 281 2826 necatione
298 2784 317 2823 a
336 2783 381 2823 me
399 2767 503 2824 cultusr
522 2765 573 2824 sed
586 2765 622 2824 ad
635 2766 784 2825 amicorum
797 2766 985 2824 suauissimam
998 2765 1217 2838 coniunctionem,

136 2859 173 2918 ad
193 2877 264 2938 quos
283 2875 346 2915 cum
365 2858 432 2937 quid
451 2859 535 2937 paulo
554 2859 722 2935 probabilius
745 2858 883 2917 inuenisse
905 2858 973 2917 mibi
991 2857 1109 2919 uidebar
1126 2846 1215 2918 orato

136 2972 200 3013 nem
220 2952 296 3032 apud
316 2954 435 3009 animum
456 2953 598 3010 conuerti:
626 2951 778 3011 Theodoro
796 2951 899 3029 Bergki
924 2963 954 3010 et
976 2951 1118 3016 Friderioe
1135 2951 1214 3025 Hasd,
1271 3010 1273 3034 ζ

137 3057 231 3108 ueatm
250 3045 342 3109 omina
360 3045 406 3106 bic
423 3045 493 3105 liber
511 3044 628 3124 prodeat
645 3057 675 3106 et
694 3044 778 3106 uestri
797 3045 897 3105 similes
915 3055 1040 3124 quaerat.
