2550 4574
135 274 288 324 cxnvrn
519 272 564 321 DE
585 272 725 322 tantave
746 274 856 323 alonte

134 431 237 493 som
255 426 397 503 amam
415 424 480 485 aa·
499 424 573 486 sum
591 427 704 506 apae
720 425 758 487 oe
775 427 827 487 ou
845 444 875 486 ι.
894 384 1232 490 namnum-a

133 526 206 587 tulit.
243 522 402 601 Templum·
413 520 497 598 igitur
514 518 619 578 Vestae
635 520 664 576 io
681 517 746 578 loro
763 520 844 598 pouit
860 519 1008 597 Dionysius
1026 526 1057 597 2,
1076 522 1129 580 θῦε
1148 540 1168 581 e
1185 541 1230 581 re·

132 618 216 694 giam
235 615 335 693 templi·
352 612 514 692 Vespasiani
531 620 562 671 et
574 610 747 671 Concordiae
764 612 871 673 Statius
889 613 1101 690 nln.1,1,ao=
1120 615 1149 673 in
1167 615 1229 673 imis

132 708 270 767 radicibus
296 706 414 771 Palatini
438 707 539 765 montis
559 706 687 764 Horatius
713 710 962 784 carm.1,2,1tt.
999 707 1108 766 Atrium
1125 707 1231 768 Vestae

132 790 202 878 quid
216 800 303 861 fuerit
322 798 446 869 aedificii,
465 800 494 859 in
511 818 570 878 quo
582 799 709 858 Vestales
725 797 863 859 habitasse
880 809 988 861 mestar
1004 820 1040 861 ex
1052 801 1229 877 Geu.1,1s‚

130 892 206 953 Plin.
226 912 293 972 epp.
311 896 343 967 7,
363 894 411 965 19,
437 892 559 972 inprimis
578 892 719 971 templone
737 900 887 951 anundum
912 894 997 954 inanit
1014 913 1120 970 necne,
1147 905 1229 954 uetus

131 994 174 1045 est
192 986 234 1045 lis.
273 982 465 1044 Ambrnsrlrius
482 985 638 1045 adhaesisse
655 986 747 1063 potius
767 986 903 1046 existimat
921 1007 952 1066 p.
966 988 1017 1063 36,
1034 989 1073 1045 36
1090 996 1121 1046 et
1137 1004 1230 1066 prope

131 1072 248 1139 ridicule
266 1078 334 1138 illud
354 1097 410 1138 nnn
429 1089 506 1156 aute,
524 1078 574 1139 sed
593 1097 668 1158 pone
685 1075 819 1158 templum
837 1078 928 1158 (quod
942 1097 960 1140 a
974 1081 1037 1140 soro
1053 1078 1158 1139 aditum
1176 1079 1229 1139 lra⁴

129 1173 221 1232 baisse
232 1191 346 1232 maesse
359 1176 415 1248 est)
434 1174 514 1252 ponit
531 1192 562 1251 p.
575 1175 640 1243 104,
657 1172 694 1230 ob
708 1189 820 1229 cauum
835 1190 920 1250 quam
939 1174 1084 1251 intelliges.
1121 1172 1227 1233 Verum

129 1266 222 1326 oullus
242 1274 321 1325 uetus
345 1269 464 1345 scriptor
481 1266 588 1325 Atrium
613 1284 675 1324 cum
701 1264 806 1342 templo
827 1264 929 1325 Vestae
946 1268 1124 1325 coniunctum
1140 1266 1228 1328 fuisse

129 1358 236 1418 disertis
256 1360 347 1418 uerbis
365 1358 449 1417 dixit:
469 1359 503 1419 Ρ.
517 1360 621 1418 Victori
641 1378 697 1437 qun
716 1359 776 1416 inre
794 1359 954 1437 quicquam,
972 1370 1002 1418 et
1020 1361 1135 1419 multum
1153 1359 1227 1419 aden

128 1470 214 1531 saepe
232 1454 353 1528 tribuat,
376 1452 476 1511 uiderit
494 1453 703 1512 Ambrosclrinsr
733 1451 867 1510 Martialis
885 1462 915 1511 et
933 1452 1083 1511 Herodiani
1100 1454 1225 1512 mtimn·

45 1540 48 1549 '
127 1547 180 1605 niis
204 1565 263 1606 rem
286 1544 385 1604 confici
399 1554 480 1603 certe
505 1564 558 1605 neo
575 1547 636 1625 ipse
659 1543 791 1605 crediditz
817 1544 965 1623 Dionysius
983 1565 1053 1605 netu
1073 1566 1134 1605 curn
1154 1547 1223 1606 dicit

127 1641 253 1700 Vestales
265 1639 368 1716 degere
386 1630 471 1715 παρὰ
489 1640 529 1719 τῇ
544 1638 621 1720 θεῷ,
641 1630 720 1698 ἔνθα
738 1631 783 1696 δι’
800 1628 918 1717 ἡμέρας
928 1633 987 1716 μὲν
1003 1631 1104 1709 οὐδεὶς
1117 1631 1226 1717 ‹inalp-

125 1750 212 1811 γεται
230 1732 291 1792 τῶν
309 1725 506 1808 βουλομένων
524 1728 663 1808 εἰσιέναι,
689 1723 809 1809 νύκτωρ
835 1728 871 1791 δὲ
889 1726 989 1792 oddoni
1008 1733 1069 1792 τῶν
1086 1725 1225 1813 ἀῤῥένιιν

125 1822 231 1903 θέμις,
248 1844 361 1887 necesse
376 1833 430 1902 est,
448 1826 580 1905 loquatur
594 1827 630 1886 de
649 1828 703 1885 alia
724 1845 755 1887 re
773 1844 809 1885 ae
826 1826 863 1887 de
881 1832 985 1906 templo
998 1828 1110 1887 Vestae.
1137 1827 1225 1885 Extat

124 1930 220 1979 antem
238 1920 421 1979 testimouium
439 1920 531 1979 Seruii
550 1919 587 1978 ad
599 1920 669 1980 Aen.
684 1923 714 1996 7,
731 1921 803 1979 rne=
821 1920 871 1979 Ad
888 1922 992 1978 oldam
1010 1927 1103 1978 ouum
1123 1923 1225 1979 Vastus

125 2011 300 2075 comicini
317 2013 457 2089 (mustus)
476 2013 549 2091 pund
566 2033 586 2072 u
603 2014 705 2093 tempu
720 2022 854 2074 omnuim
870 2013 975 2088 fusrot.
1015 2015 1076 2071 lloc
1094 2032 1144 2071 cur
1166 2032 1223 2072 oon

123 2107 161 2166 sit
185 2106 388 2186 spernendum,
414 2127 479 2167 mox
505 2109 665 2186 apparebitr
690 2106 824 2186 'intelligis
848 2119 924 2167 certe
949 2124 1045 2166 uersus
1068 2104 1225 2166 Ouidiaons

125 2201 293 2260 eut-310
314 2201 379 2259 huic
404 2202 445 2260 rei
469 2219 525 2259 non
549 2199 708 2277 aduersari3
735 2220 799 2261 nam
817 2203 840 2260 si
859 2199 925 2279 qnid
944 2199 1061 2258 aedificii
1079 2207 1146 2258 aute
1163 2200 1224 2259 Ve-

122 2295 221 2353 stalem
239 2295 331 2353 locum
350 2294 459 2369 fuisset,
479 2314 535 2352 non
554 2300 619 2353 outa
636 2293 715 2367 focos
731 2299 763 2355 ia
780 2298 911 2364 eunomia,
930 2292 980 2352 sed
997 2311 1046 2372 per
1059 2294 1137 2352 otio
1152 2312 1221 2352 cou-

124 2387 228 2445 sedisse
247 2388 371 2445 immines
389 2387 500 2445 dixisset
518 2398 620 2466 poeta3
646 2407 698 2447 nec
722 2390 871 2449 alrsurdum
897 2388 950 2446 luit
968 2383 1106 2466 peculiare
1123 2386 1222 2444 aedifi·

124 2479 196 2536 cium
214 2479 317 2538 Vestae
336 2481 403 2538 Arrii
429 2480 540 2539 nomine
566 2482 736 2554 consecrari,
763 2484 807 2541 oui
834 2482 986 2556 uestibula,
1015 2480 1101 2554 auia,
1126 2479 1222 2538 limina

123 2572 215 2628 omnia
234 2589 311 2628 sacra
331 2583 426 2649 erant,
445 2592 474 2630 u.
490 2578 560 2644 303,
580 2575 712 2634 Leontius
733 2595 761 2653 p.
772 2578 829 2634 177
847 2574 892 2634 ed.
911 2573 979 2632 Mai.
1018 2573 1150 2648 Causam,
1170 2592 1222 2630 cur

123 2663 151 2722 id
170 2682 301 2742 separare
320 2684 337 2723 a
356 2667 460 2744 templo
482 2668 541 2724 ausi
560 2686 615 2725 nou
635 2678 699 2726 sunt
718 2669 791 2729 docti
816 2670 884 2744 uiri,
908 2667 1033 2746 suspicor
1050 2665 1136 2725 fuisse
1153 2667 1219 2745 quia

121 2759 270 2836 separatim
290 2776 381 2836 oeque
398 2760 562 2817 describitur
580 2779 597 2816 a
617 2762 770 2832 ueteribus,
796 2780 888 2841 neque
912 2761 1118 2820 commemorari
1138 2758 1218 2819 uide·

121 2861 208 2914 retur.
245 2852 332 2912 Miror
348 2864 441 2911 umen
462 2853 497 2911 ab
518 2852 696 2912 Ambroschio
715 2855 829 2913 Atrium
845 2858 966 2932 regium,
986 2852 1062 2931 qnod
1082 2854 1122 2911 bis
1141 2853 1219 2931 apud

119 2944 229 3004 Liuium
252 2947 410 3005 nominatur
434 2949 484 3022 26,
498 2949 537 3004 27
556 2956 585 3005 et
602 2951 652 3023 27,
667 2954 716 3024 11,
735 2967 791 3007 noo
816 2948 899 3007 modo
925 2948 1051 3005 habitum
1076 2963 1138 3005 esse
1163 2965 1217 3024 pro

120 3026 226 3115 Rapio,
251 3058 324 3116 qnae
342 3056 428 3117 saepe
447 3052 692 3118 commemoratur,
711 3042 760 3100 se'd
780 3060 816 3100 ne
836 3059 944 3099 causam
965 3041 1076 3120 quidem
1095 3038 1217 3117 proferri

117 3132 177 3190 eius
194 3135 346 3192 sententiae
363 3152 393 3211 p.
410 3132 465 3209 95,
487 3142 536 3193 aut
554 3152 681 3212 usquam.
720 3136 794 3193 Nam
812 3134 865 3192 nisi
883 3133 966 3192 'fallor
990 3135 1013 3191 is
1031 3134 1216 3212 potissimum,

117 3226 166 3305 qni
185 3227 299 3303 Regiam
320 3222 420 3286 nomen
439 3227 545 3287 lrabere
563 3228 691 3287 crederet
709 3246 726 3286 a
744 3245 812 3306 rega
829 3226 932 3298 Numa,
952 3225 1073 3288 debebat
1088 3224 1126 3284 ad
1144 3225 1216 3283 Liuii

115 3318 176 3376 ilios
194 3319 270 3378 locos
289 3322 398 3397 exigere
417 3319 584 3380 Ouidianum
604 3343 632 3381 u.
643 3326 716 3380 263:

290 3418 344 3472 llic
363 3413 438 3473 lucus
456 3419 582 3491 emporus,
602 3418 649 3492 qui
663 3418 779 3474 nauso
797 3415 883 3476 Atrio
903 3418 1015 3491 Vesica,

345 3510 423 3564 Vana
440 3515 502 3565 arnt
518 3511 623 3569 intonsi
640 3513 718 3586 rapio
736 3528 840 3587 magno
858 3513 980 3569 Nsuoos.

112 3594 169 3654 Pro
189 3615 221 3655 ea
241 3615 272 3655 re
292 3597 424 3656 docemur
443 3601 478 3656 ab
497 3603 675 3661 Ambrosclrio
694 3622 724 3681 p.
740 3607 778 3662 36
798 3604 922 3683 potuisse
947 3602 1027 3678 fieri,
1055 3600 1088 3660 u't
1111 3599 1165 3660 lroc
1185 3601 1214 3659 iu

112 3689 174 3747 loco
194 3692 274 3748 aliam
294 3691 397 3762 sarnam
417 3691 453 3751 de
473 3695 549 3771 regia
568 3695 678 3754 Numae
697 3709 860 3775 sequeretur
878 3697 1014 3772 Ouidius,
1038 3705 1123 3773 atque
1141 3695 1213 3754 trist.

112 3786 142 3856 3,
154 3787 183 3856 l,
192 3787 242 3857 30,
261 3787 309 3842 ubi
322 3785 438 3862 Regiam
454 3803 527 3862 eam,
546 3787 583 3846 de
597 3807 652 3866 qua
667 3791 836 3869 potissimum
848 3790 998 3868 inquisiuit‚
1018 3788 1215 3847 Ambrosclrius

111 3879 243 3951 agnoscit.
284 3880 384 3936 Mirum
409 3880 554 3958 profecto,
581 3901 643 3939 cum
667 3892 754 3961 poeta
780 3881 816 3939 de
841 3883 946 3939 ambitu
971 3881 1087 3940 aedificii
1106 3891 1213 3956 mouet,

112 3968 188 4027 cuins
215 3990 267 4029 nec
295 3973 361 4030 nola
386 3993 438 4032 nec
464 3974 609 4050 uestigium
635 3995 688 4034 nec
719 3978 810 4053 ipsum
835 3994 935 4033 nomen
965 3975 1118 4053 superfuit:
1151 3993 1214 4033 eam

110 4077 221 4140 aream,
247 4067 293 4124 cui
312 4077 411 4144 postea
430 4066 632 4126 inaedificatum
658 4070 693 4127 sit
711 4070 836 4140 Atrium,
862 4066 926 4128 olim
953 4068 1081 4127 habuisse
1099 4069 1214 4127 domum

110 4152 230 4219 Numae.
269 4159 332 4238 Ego
353 4180 421 4220 nero
440 4180 496 4222 non
517 4180 621 4239 aream,
644 4164 687 4221 cui
707 4164 863 4241 impositum
883 4163 1059 4240 astartium,
1078 4162 1213 4239 intelligo,
