2550 4574
505 227 550 273 nu
571 225 723 275 sscnnnrs
870 216 872 221 '
1081 225 1161 280 cxlx

50 344 1160 456 eso,eeuuerpsupeaereeeempunauouaeraesrmu

48 463 187 529 herolia
205 469 361 535 memmius
377 467 470 547 magni
488 465 587 546 pretii,
606 467 684 547 apud
700 468 820 535 rodam
838 470 859 532 1.
879 468 952 545 ina,
966 468 1044 549 apud
1061 471 1160 550 Augu·
1252 498 1256 507 ·

49 560 219 621 ffinnmde
244 561 438 633 adalia
464 594 504 613 -
529 559 683 638 dedeima
706 565 796 640 wli!
819 581 851 625 ’θ
874 561 1038 640 ‘illimis
1062 564 1159 642 W·
1267 594 1272 603 '

52 653 143 715 doio
161 658 297 734 apertis
313 654 497 734 dimissimus
514 653 861 733 manumissis,
879 655 957 735 apud
967 654 1092 717 Macron.
1104 666 1159 719 sat.

56 749 220 824 ῌιιιιι.
258 748 612 813 meermannianam
637 765 701 808 rum
727 760 923 830 eamrportam
940 749 1084 809 lanualem
1105 748 1158 813 ast

54 837 200 900 ιἰιιῑίιῦιιι
216 838 295 901 solie
315 840 463 903 Venerei·
480 841 565 901 fuisse
582 838 673 917 dieat,
696 842 788 902 minus
802 846 935 903 'marrata
952 842 1048 921 loqui,
1068 843 1159 903 intre·

55 931 146 993 dibile
163 933 238 992 enum
256 943 299 993 est
317 944 398 997 uetus
414 931 530 995 Rommi
548 933 721 1013 pomoerium
740 953 777 997 eo
796 954 884 1015 usque
901 937 1061 1015 pertigisset
1088 936 1158 997 illud

59 1033 154 1086 tamen
172 1027 312 1105 aptissime
328 1027 388 1087 ιίιιι
406 1028 499 1089 ambis
517 1026 707 1099 admonemur,
725 1029 749 1087 si
769 1044 883 1089 neooese
899 1029 936 1090 rit
949 1026 1096 1089 Niebulmii
1113 1028 1157 1087 iu·

59 1117 163 1177 ditium
179 1116 217 1179 de
232 1119 301 1179 lano
325 1120 353 1179 in
376 1120 438 1191 uia,
464 1140 537 1201 qnae
560 1120 645 1180 inerit
666 1120 738 1179 inter
756 1120 930 1191 Quirinalem
953 1129 983 1183 et
1000 1119 1158 1183 Palatinum

62 1221 200 1290 montem,
221 1213 275 1275 sito
294 1211 443 1290 (lamere,
462 1233 519 1275 non
539 1214 590 1275 nisi
609 1215 744 1273 orientem
763 1232 862 1275 uersus
877 1233 939 1276 esse
955 1213 1157 1279 denedenm

63 1306 175 1367 (ιιὶιιιιι
195 1307 268 1369 enim
286 1325 349 1373 esse
365 1308 467 1377 mentis
478 1307 615 1388 Esquilini
631 1316 743 1387 panem
757 1306 960 1387 amphitheatro
972 1308 1071 1367 Flauio
1090 1301 1157 1389 prn-

62 1399 159 1461 x'nnnm
184 1419 241 1460 non
266 1408 311 1460 est
333 1401 477 1480 Quotam,
502 1401 661 1463 unsvers.
680 1399 755 1461 del.
775 1400 795 1461 1.
813 1399 973 1479 alata,
996 1401 1082 1463 Seru.
1101 1404 1158 1467 loo.

64 1492 133 1570 ma,
154 1493 269 1553 Bnnsen
294 1492 386 1557 deror.
405 1494 475 1556 vsu.
496 1499 527 1570 i,
548 1513 580 1575 p.
591 1497 675 1569 1³8„
691 1486 843 1557 amaruan
860 1494 943 1563 Strid·
962 1513 993 1573 p.
1007 1499 1076 1558 128.
1112 1495 1158 1561 De

64 1587 164 1645 minure
181 1586 320 1664 Velabro,
334 1586 410 1667 qued
428 1606 486 1647 nen
504 1587 587 1666 longe
605 1606 625 1646 a
638 1586 763 1646 Lautulis
781 1586 869 1647 sumre
886 1596 1004 1647 testatur
1016 1590 1109 1648 Varro
1124 1589 1157 1667 d,

67 1678 137 1756 156,
157 1678 247 1741 miens
266 1681 410 1760 explorata
434 1680 527 1741 adino
551 1699 597 1741 res
619 1673 679 1743 est'r
704 1679 788 1743 ualde
806 1682 879 1741 anim
897 1682 1025 1761 ambigue
1041 1681 1157 1745 numen

65 1770 107 1830 oir
122 1773 284 1851 perillustris
302 1773 393 1851 deson.
413 1771 487 1835 Vrh.
509 1780 538 1848 1,
557 1792 590 1853 ρ.
603 1777 674 1835 133:
702 1777 773 1835 iiior
790 1773 834 1849 (l.
853 1792 879 1834 e.
899 1772 969 1835 iam
986 1773 1157 1836 sausoio-

61 1883 123 1941 pss,
140 1886 170 1945 p.
182 1867 256 1938 135)
270 1883 334 1925 mur
351 1863 404 1923 dos
424 1865 652 1928 auraemalae·
670 1866 712 1927 iis
730 1866 803 1928 auoit
821 1866 870 1928 drr
887 1865 1000 1927 Saluto
1015 1867 1076 1929 ried
1093 1868 1157 1929 iia·

64 1958 184 2021 mdo
198 1959 285 2021 ibina
305 1957 463 2020 Velabrum.
501 1961 575 2023 latos
599 1961 671 2021 enirn
698 1959 735 2021 de
754 1961 863 2021 Carinis
882 1968 910 2020 et
928 1960 1059 2036 Subura,
1083 1978 1182 2040 quae,

63 2053 110 2113 suls
126 2055 158 2114 iis
176 2053 245 2129 fuit,
264 2053 347 2113 Vara.
366 2052 399 2129 5,
410 2054 468 2130 la,
487 2055 617 2117 oonuenit
635 2054 686 2129 iis,
712 2071 785 2133 quae
804 2053 1013 2125 annotauimus,
1032 2053 1102 2112 illud
1118 2051 1156 2113 de

64 2146 193 2226 Capitolio
212 2146 287 2207 unde
305 2148 466 2225 colligatur,
484 2167 550 2209 mox
567 2147 721 2224 intelliges,
740 2156 888 2227 utrumque
905 2146 986 2205 simul
1005 2163 1105 2205 uereor
1123 2155 1156 2206 ut
1240 2144 1249 2151 ”

64 2257 118 2298 aare
135 2241 265 2319 potnerit.
304 2240 483 2301 Manifestum
503 2253 545 2309 est
563 2239 747 2301 Niebuhrium
765 2239 885 2299 noluisse
903 2238 978 2316 ideo,
996 2239 1064 2318 quia
1084 2237 1172 2298 (tui--

64 2331 118 2392 dior
135 2354 163 2394 ιι.
174 2337 232 2393 263
254 2336 478 2415 Capitoliumne
501 2334 603 2394 deinde
621 2353 649 2391 u.
663 2332 720 2390 265
740 2342 851 2412 portam
869 2332 1010 2392 lamuelem
1033 2349 1155 2392 somme·

65 2427 185 2502 mensuit,
198 2430 330 2487 sacellum
345 2415 405 2488 lani
418 2445 507 2507 prope
520 2427 716 2485 Mamertinum
727 2442 867 2485 carcerem
880 2429 931 2485 sub
946 2422 1084 2504 Capitolio
1096 2425 1154 2483 col·

66 2517 157 2595 arae,
175 2539 228 2595 neo
246 2541 297 2581 our
314 2523 434 2582 noluerit
453 2506 611 2595 obscurum,
631 2518 708 2598 quod
726 2519 860 2598 palatium
871 2537 929 2576 nen
941 2518 978 2576 ad
992 2519 1155 2578 Saturnium

66 2611 121 2672 elim
138 2624 261 2673 montem
279 2617 427 2694 pertinuit,
447 2615 496 2674 sed
515 2624 624 2695 portam
644 2613 823 2688 Saturniam,
841 2613 902 2671 siue
920 2611 1082 2674 Pandanam
1100 2631 1154 2690 ep-

65 2704 117 2779 pidi
133 2709 279 2784 Sutumii,
299 2728 354 2766 nen
373 2713 457 2781 mois,
478 2710 518 2771 uti
536 2708 653 2768 Bunsen
673 2706 762 2767 deser.
784 2711 813 2783 l,
831 2727 861 2785 p.
871 2707 927 2766 145
946 2708 1154 2785 interpretatur,

67 2795 148 2859 Varro
166 2802 277 2879 scripsit
296 2803 326 2878 5,
345 2806 394 2862 42.
433 2802 521 2883 ldque
547 2822 609 2861 curn
635 2800 847 2880 prudentissime
873 2800 939 2858 milri
965 2800 1092 2858 uideatur
1109 2798 1154 2857 fe·

67 2891 125 2953 nisse
137 2894 316 2969 Niebuhrius‚
335 2895 449 2954 Bunsen
469 2916 496 2954 u.
517 2895 608 2972 perill.
627 2895 706 2972 quasi
724 2912 848 2955 errorem
867 2895 926 2953 eiua
944 2911 1086 2967 excusare,
1106 2892 1152 2952 uel

64 2988 147 3063 potins
164 2991 270 3047 urbane
289 2987 461 3049 dissimulare
481 2989 600 3048 uoluisse
624 2987 743 3049 uidetur.
778 2989 834 3046 llic
854 2989 926 3047 enim
951 2987 986 3045 de
1011 2986 1152 3044 intellectu

65 3077 149 3140 Ouidii
168 3093 278 3157 sertus,
296 3081 390 3140 Seruii
408 3079 470 3142 loco
487 3089 601 3160 spreto,
620 3082 666 3140 uel
684 3082 835 3161 praeterito
854 3090 929 3139 certe
947 3081 1027 3137 crisin
1047 3076 1153 3161 orditur

61 3175 152 3234 aleco
170 3175 301 3254 Procopii
327 3176 433 3254 pridem
459 3185 527 3236 noto
553 3174 618 3232 bell.
638 3173 726 3232 Goth.
748 3180 777 3248 1,
791 3173 841 3248 25,
860 3175 905 3230 nbi
924 3173 960 3232 de
978 3173 1062 3231 Iano:
1090 3161 1151 3246 ἔχει

61 3261 94 3325 di
111 3263 162 3329 adr
181 3261 256 3328 renis
276 3267 366 3348 ἐυτῇ
385 3261 485 3356 ἀγορᾷ
504 3261 563 3348 rupti
590 3266 645 3327 τοῦ
670 3261 907 3342 βουλευτηρίου,
935 3259 1037 3344 ὀλίγον
1059 3255 1152 3343 ὕπερ-

57 3352 148 3437 adso
165 3354 205 3420 ad
225 3358 295 3441 τρία
315 3365 411 3440 φᾶτα.
441 3365 645 3440 interpretatur
662 3361 746 3438 igitur
765 3361 807 3417 uir
825 3360 1015 3416 celeberrimus
1035 3350 1150 3436 ἀγορὰν

55 3456 147 3515 locum
165 3459 217 3514 sub
236 3475 348 3516 carcere
364 3458 544 3531 Mamertino,
561 3465 640 3513 extra
657 3455 751 3513 forum
767 3453 923 3512 Romanurn
942 3465 971 3511 et
989 3458 1150 3530 Augustum,

53 3551 148 3609 annal.
166 3550 231 3609 dell'
254 3551 339 3633 instit.
359 3552 480 3610 aroheol.
501 3552 595 3624 18³6,
611 3568 641 3626 p.
657 3551 731 3605 268:
756 3565 828 3624 quae
845 3547 1015 3606 disseruntur
1034 3545 1069 3604 ad
1088 3563 1150 3602 eam

51 3661 114 3703 rem
140 3643 270 3703 tuendam
288 3645 447 3704 coniectura
471 3644 606 3701 nituntur.
645 3640 752 3700 Deinde
770 3632 990 3717 βουλευτήριον
1009 3639 1150 3713 Nibbyum

54 3747 166 3797 mutus
184 3738 312 3815 intelligit
331 3740 508 3799 secretarium
520 3742 644 3804 assantur,
662 3733 737 3811 qnod
755 3734 839 3792 luisse
858 3732 1005 3812 aliquando
1023 3732 1075 3791 sub
1095 3730 1150 3787 Ca·

56 3829 155 3906 pitulio
175 3838 256 3887 uetus
276 3833 369 3891 titulus
388 3833 416 3889 ln
436 3829 505 3889 aede
526 3829 583 3887 diui
597 3828 709 3899 Adriani
726 3837 854 3904 repertus
873 3827 973 3886 docere
990 3842 1059 3885 sane
1073 3821 1151 3881 uide·

57 3931 119 3981 tura
139 3923 204 4001 quia
222 3933 316 3984 tamen
335 3946 392 3985 non
411 3926 516 4003 optime
534 3923 651 3983 latinum
667 3921 736 3995 illud
749 3920 927 3998 adgressum
943 3916 1081 3990 collineat,
1100 3913 1150 3972 ad·

58 4014 146 4089 duur,
163 4021 343 4107 terratorium
360 4025 474 4081 neruiue
493 4018 577 4080 etiam
594 4023 722 4099 menium
739 4014 911 4092 appeliatum
929 4010 1034 4086 uideri,
1051 4007 1080 4066 id
1099 4025 1150 4066 nn·

58 4126 120 4169 mm
145 4108 266 4171 measse
289 4112 355 4173 inda
380 4133 400 4172 a
417 4112 575 4172 Domitiani
591 4121 685 4177 aetate
707 4108 873 4184 murlense,
896 4104 1106 4179 aedificiumque
1120 4100 1149 4155 in
