2550 4574
514 244 704 297 6166116116
1050 253 1159 307 xum

58 392 516 473 616166616661611616166161616
542 396 620 459 Ferti
637 400 727 461 uerba
743 410 820 477 6661,
838 402 900 481 pb
917 402 965 465 ad.
983 404 1066 484 vta,
1084 406 1159 471 adda

58 492 164 569 nuptiar
182 491 321 551 celebrari
338 509 397 551 666
414 489 533 565 leuno,
551 486 609 550 06.
622 496 654 566 2,
667 491 726 551 667
738 510 794 571 rq.;
811 498 842 571 6,
853 499 967 577 21966.
997 500 1159 581 iireligiori

12 648 14 659 ¹
60 582 131 654 dier,
155 584 205 661 qui
229 584 285 643 atri
308 585 393 645 etiem
418 584 466 643 uix
487 582 545 642 ullo
564 581 718 645 discrimine
736 585 802 644 dicti
825 596 906 660 6661,
930 589 1045 652 fuerunt
1061 612 1159 657 manre

12 724 18 735 .
62 676 207 737 namra
220 677 282 737 aa·
297 676 411 751 6666,
430 685 503 737 666
515 674 618 737 otuu
633 679 696 737 1000
714 677 784 754 66,
796 696 890 739 666
906 680 985 741 nuo
1004 702 1067 743 cum
1084 686 1159 749 66
1211 668 1215 683 “

65 769 181 830 Vartnlia
199 790 291 848 ponur
309 771 413 831 Vortaa
430 780 558 849 pateret,
576 769 654 829 Fert.
673 771 843 849 66616,
865 771 1023 835 Lemuralia
1041 788 1071 836 et
1091 800 1157 841 eum

11 922 16 937 ,
66 862 173 923 uratur
182 864 285 942 patuit,
300 864 469 941 trigintarex
482 862 654 941 partriduani
662 862 863 936 Kalendarum,
875 864 1030 941 Nonarum,
1045 870 1157 950 iduum,

11 1016 17 1029 ,
68 955 224 1017 1116661661
241 957 299 1030 alii,
313 957 392 1017 Fert.
401 958 481 1036 p.88
493 956 556 1014 Vra.
580 953 712 1013 Nesartoa
728 957 841 1035 proprie
858 957 932 1035 dieo,
951 962 1051 1041 quibur
1067 967 1157 1025 multa

11 1085 31 1122 :-
70 1050 166 1127 quidem
184 1051 240 1111 alia
257 1050 370 1129 publiea
387 1059 417 1109 at
433 1049 563 1129 priuatim
581 1049 627 1126 agi
646 1057 788 1127 poterant,
806 1051 849 1109 iur
867 1060 960 1113 tamen
979 1074 1035 1115 uon
1054 1057 1156 1117 redde·

11 1170 33 1215 q,
71 1140 153 1218 batur,
173 1144 280 1221 populo
299 1144 327 1201 in
346 1143 405 1203 aliia
430 1144 513 1201 robur
536 1150 684 1219 ooeupato.
723 1143 810 1201 Talea
834 1154 915 1205 erant
938 1148 1002 1205 olim
1027 1150 1156 1211 ludorum

11 1270 35 1305 2
70 1231 265 1293 honorariorum
282 1235 343 1295 dier
360 1254 474 1309 666666,
501 1244 577 1309 tum,
601 1243 631 1293 ut
652 1235 767 1313 opinor,
793 1238 888 1297 666616
908 1249 938 1297 61
956 1240 1157 1303 uindemiarum

11 1363 35 1395 ‚r
69 1326 142 1387 leriae
158 1327 226 1387 inde
243 1347 262 1387 a
279 1329 414 1389 Kalendis
432 1329 506 1387 luliir
530 1336 560 1387 et
585 1328 651 1406 ipris
669 1329 804 1389 Kalendis
825 1329 1000 1391 Octobribus.
1039 1335 1157 1395 Vtrum·

11 1454 34 1489 *
68 1439 113 1499 que
128 1440 217 1498 genur
237 1420 345 1481 diemm
369 1423 462 1481 littera
480 1421 509 1479 N
527 1431 653 1480 notatum
672 1434 716 1480 661
736 1421 878 1481 1616161161
904 1434 1023 1504 utroque
1047 1446 1084 1487 ex
1107 1448 1158 1507 ge-

11 1546 31 1575 r.
65 1532 123 1573 nere
139 1516 242 1573 multoe
259 1516 382 1575 aboleuit
400 1519 559 1593 Augustam,
585 1514 626 1573 uti
645 1516 741 1573 tabula
758 1526 853 1575 nostra
870 1516 962 1577 dooet.
1000 1518 1157 1598 Rebgioror

12 1622 23 1635 “
65 1627 108 1667 eor
123 1608 200 1667 166116
217 1608 331 1681 exemit,
349 1607 398 1685 qui
416 1625 496 1665 raora
511 1608 604 1685 aliqua
622 1616 651 1666 et
666 1616 778 1667 6616616
796 1610 943 1669 cerimonia
960 1610 1080 1689 inrigneo
1098 1633 1156 1673 non

59 1711 156 1761 errent.
192 1703 266 1759 Hine
284 1710 338 1775 eat,
356 1699 433 1779 quod
451 1718 542 1779 neque
560 1701 600 1761 lx
617 1701 666 1759 ΚΡ
679 1702 774 1781 Sept,
799 1702 838 1761 111
856 1703 935 1767 Ν66.
951 1702 1029 1778 Oet,
1055 1706 1094 1765 VI
1112 1706 1155 1767 16.

55 1796 141 1867 Nou,
158 1796 260 1874 quibua
278 1795 375 1853 6161166
393 1794 513 1853 mundar
531 1796 622 1873 patuit
638 1796 789 1855 eorundum
803 1796 917 1855 Festum
932 1816 963 1874 p.
975 1803 1032 1855 142
1046 1798 1157 1875 1116611,

50 1907 145 1967 66666
159 1887 273 1947 XVKl’
286 1890 371 1965 Aug,
389 1891 437 1966 qui
454 1888 507 1949 fuit
525 1889 584 1949 dier
599 1890 736 1964 Allienrir,
753 1908 846 1967 noque
864 1891 904 1949 lV
916 1891 992 1951 Non.
1006 1894 1089 1968 Aug,
1107 1893 1157 1970 qui

48 1984 104 2043 1611
123 1982 293 2051 Cannensis,
317 1980 391 2039 Geli.
412 1980 520 2057 6,17,
547 2001 638 2060 neque
659 1981 732 2060 prid.
751 1982 829 2045 Non.
848 1981 925 2057 oco,
952 1983 1063 2062 dequo
1091 1984 1156 2045 uide

46 2078 128 2137 Plut.
147 2075 259 2134 Lueuu.
274 2092 300 2133 6.
315 2076 354 2130 27
372 2074 434 2148 lin,
453 2092 544 2152 oeque
561 2074 603 2133 ld.
618 2076 716 2150 111661,
735 2074 771 2133 (16
790 2076 890 2153 quibua
908 2074 1086 2150 1)1617,18,
1106 2095 1157 2137 ne·

45 2190 109 2251 que
125 2169 168 2229 lx
182 2169 231 2227 Kl’
250 2167 316 2242 lut,
337 2165 449 2245 dequo
468 2164 553 2227 Ouid.
571 2170 602 2243 6,
619 2168 696 2243 766,
715 2187 785 2245 quoa
804 2170 862 2225 dieo
880 2169 1027 2225 maximnm
1046 2177 1156 2247 partem

46 2273 130 2321 atroo
150 2261 329 2319 1616666616
348 2270 474 2335 6666161,
494 2279 546 2319 666
563 2262 615 2339 ipri
633 2262 746 2339 triginta
763 2278 813 2321 aex
831 2259 1021 2340 poetriduani,
1040 2261 1091 2319 6161
1110 2261 1157 2321 ubi

47 2355 136 2413 aliam
155 2354 192 2410 ob
210 2371 324 2413 6666666
341 2352 371 2411 id
387 2353 450 2413 fieri
467 2354 644 2413 manifestum
662 2362 720 2424 est,
744 2353 846 2413 6616611
864 2354 1042 2413 6616616616
1062 2354 1157 2413 tabula

48 2445 206 2507 Mnffeana
234 2447 365 2524 Plerique
378 2448 528 2507 eomitialeo
542 2456 618 2522 6661,
637 2446 784 2521 maximae,
803 2446 844 2504 uti
862 2446 930 2521 diri,
948 2464 1041 2505 rerum
1055 2464 1156 2523 geren·

49 2540 159 2597 darum
175 2535 309 2598 licentiae.
346 2539 423 2616 Ergo
441 2557 611 2617 quamquam
628 2537 688 2597 dies
704 2538 829 2598 Alliensis
848 2541 877 2598 in
895 2538 1001 2618 aliquot
1019 2542 1156 2617 posterio-

50 2634 95 2692 ria
113 2633 178 2691 aeui
192 2632 272 2691 sartio
290 2641 456 2704 annotatur,
481 2633 591 2711 publiea
615 2633 750 2708 religione
773 2635 852 2691 nulla
869 2644 947 2707 erat,
973 2633 1049 2691 uelut
1073 2632 1159 2693 iniere

52 2725 168 2785 uidetur
184 2725 318 2784 Varronis
336 2735 441 2801 aetate,
460 2724 517 2783 uid.
537 2724 574 2781 da
593 2725 649 2795 1.1.
666 2728 697 2801 6,
712 2730 759 2783 32.
799 2723 870 2781 lllud
889 2733 982 2784 tamen
1001 2726 1158 2785 deliberan-

52 2817 122 2877 dum
141 2836 203 2876 erae
219 2818 360 2894 intelligo,
384 2828 477 2876 utrum
495 2815 615 2876 Ouidiuo
635 2835 698 2873 6666
716 2815 753 2876 de
771 2816 868 2875 diebur
886 2818 952 2874 atrio
971 2819 1157 2895 poatriduauia

53 2920 163 2983 monet,
179 2910 209 2968 id
227 2920 334 2979 tantum
353 2911 450 2969 1666611
470 2911 571 2968 umeris
588 2909 738 2969 memoriae
755 2910 856 2989 gratia,
875 2909 1109 2985 quemadmodum
1128 2910 1157 2967 in

54 3004 191 3063 16616666
210 3005 311 3063 tabulis
325 3004 408 3061 611666
422 3002 510 3061 multa
528 3011 697 3067 6666166166
715 3020 772 3060 666
791 3004 842 3065 6161
861 3001 925 3061 olim
944 3002 1092 3078 aliquando
1111 3018 1159 3059 oe·

56 3096 156 3171 lebria,
175 3115 224 3171 aa,
242 3094 393 3174 quiaillud
412 3113 526 3173 quoque
543 3114 632 3172 genua
650 3097 717 3153 tolia
733 3093 821 3168 fodio
840 3095 981 3154 ioboororo
998 3092 1081 3161 dixit,
1107 3093 1159 3152 ali·

58 3207 116 3265 quo
132 3189 215 3247 nodo
239 3190 267 3248 16
290 3190 417 3249 omuibus
442 3205 510 3247 6666
535 3188 634 3246 6616116
660 3187 760 3245 1666116
784 3198 909 3246 notatum
935 3186 1056 3245 eoiuerit.
1094 3186 1159 3245 Vna

61 3280 112 3337 illa
130 3290 195 3341 nota
219 3281 248 3341 16
273 3284 370 3343 tabula
386 3280 466 3341 ttaffi
485 3281 552 3339 XIX
570 3281 617 3340 Kl’
638 3280 724 3337 Febr.
744 3279 790 3335 uix
809 3280 911 3337 suffieit
929 3279 966 3337 ad
984 3298 1079 3338 amaea
1099 3278 1158 3338 diea

61 3374 251 3449 pertriduanoa
268 3386 345 3435 atros
363 3374 518 3435 notandorr
536 3373 618 3449 longe
637 3370 792 3427 6666661166
810 3371 839 3429 id
858 3371 924 3430 16611
941 3371 1055 3430 Verrius
1074 3371 1159 3429 Flac·

62 3484 108 3525 our
124 3485 218 3527 meare
242 3468 379 3530 Ianuario.
425 3469 532 3531 Verum
560 3465 678 3523 16616666
703 3463 750 3521 illa
776 3462 872 3541 religio
899 3464 936 3522 od
961 3464 1159 3543 rempublicam

62 3568 165 3618 1661666
186 3563 339 3639 epectauit,
364 3571 442 3621 oerte
464 3561 531 3619 iude
555 3559 593 3615 ab
611 3557 727 3633 Augusti
753 3566 856 3616 aetate.
896 3558 1006 3615 Caeteri
1027 3559 1081 3615 atri
1099 3558 1158 3617 dira

63 3670 122 3711 6661
139 3655 290 3714 6666116166
308 3665 451 3729 66166166,
470 3651 598 3731 proferto
616 3669 673 3707 666
688 3658 830 3708 66166166.
863 3649 948 3717 Quod
967 3668 1034 3708 6666
1054 3653 1157 3730 postri-

63 3744 143 3805 dnani
160 3765 258 3807 omner
282 3758 332 3806 661
356 3748 477 3820 nefasti,
503 3754 552 3803 661
570 3742 706 3815 intercisi,
732 3751 800 3815 661,
826 3740 910 3819 idque
929 3744 1047 3800 maxima
1066 3750 1158 3820 parte,

8 3835 14 3845 ’
63 3836 133 3912 irati,
149 3840 181 3902 b.
196 3858 223 3898 e.
241 3840 350 3898 6666161
369 3847 398 3898 61
416 3839 531 3897 comitiis
546 3833 680 3895 habendis
700 3833 781 3893 alieni
799 3841 875 3909 6661,
895 3834 922 3893 id
940 3846 1016 3893 66616
1030 3853 1087 3892 666
1105 3835 1155 3892 im·

8 3940 12 3949 '
62 3930 154 4008 pedit,
172 3934 320 4009 quominus
338 3934 449 4009 publice
467 3930 586 4008 religioai
604 3926 727 3999 1666161,
754 3924 804 3983 aed
823 3933 854 3983 61
871 3923 1021 4003 pleraque,
1040 3945 1159 4004 gnarum

8 4010 14 4045 ³
59 4023 190 4083 lectorem
207 4025 385 4102 requirebat,
410 4024 457 4103 qui
481 4025 529 4082 illa
546 4023 576 4080 in
592 4017 722 4079 Ianuario
740 4018 836 4075 notula
854 4017 1059 4077 admoneretur.
1097 4018 1160 4076 Hoo

8 4119 13 4128 '
57 4118 140 4196 igitur
157 4117 183 4176 ri
200 4136 258 4177 non
279 4117 340 4177 ueri
356 4117 450 4198 aperie
468 4124 563 4190 earet,
590 4109 724 4189 quoidam
744 4127 780 4169 ex
803 4107 934 4187 religioaia
952 4108 1049 4169 diebru
1065 4109 1161 4185 Augu·

91 4227 332 4288 6666116616,ρ
896 4200 922 4259 0
