2550 4574
133 241 260 295 excvm
311 245 314 250 '
580 234 647 292 'ltu
668 242 742 293 DEI!

133 399 218 464 Paua.
230 417 256 460 o.
268 396 316 468 dd,
329 394 366 457 dr
383 391 420 455 de
432 393 510 455 Pane
519 393 631 473 Lycaeo
646 402 675 455 et
687 395 821 475 Neptuno
836 403 866 454 et
878 395 1050 457 Tubilustria
1068 415 1125 457 non
1141 417 1230 478 qnae·

134 513 204 556 ram.
238 493 299 551 'Iam
319 489 367 568 qui
385 490 424 548 ita
442 498 692 567 argumentaretur,
710 489 873 548 Euandmm
887 488 1025 550 Pallantia
1042 491 1071 549 in
1090 491 1231 552 Palatium

87 570 88 575 ἵ
134 589 252 658 ueniae,
270 584 335 663 qnia
352 582 392 641 ibi
409 600 521 661 quoque
534 581 643 642 Cereris
662 599 712 642 ara
730 592 796 642 ante
813 583 911 642 aedem
927 584 1134 644 Postumianum
1154 587 1231 660 (eam

135 681 209 739 enim
227 675 432 756 intelligendam
450 686 530 755 puto,
548 694 605 734 uon
625 675 772 748 danuam,
790 685 820 735 nt
835 677 978 737 Nardinus
997 677 1074 751 uult)
1092 687 1124 736 et
1141 679 1231 736 racel·
1260 675 1264 680 ’

97 764 100 785 “
134 773 192 832 lnm
203 771 345 832 Victoriae
363 769 461 847 <qnam
474 768 570 827 Vicum
583 769 683 829 Potum
701 768 769 828 iacit
786 770 980 831 Ambroschlus
998 791 1028 850 p.
1042 776 1095 829 121
1117 772 1232 837 mirifica

134 867 309 926 conclusione
332 872 362 922 et
386 871 482 922 canna
500 860 623 939 Dionysii
645 863 989 942 parturitiones
1010 865 1232 936 Amorne-,25

134 958 302 1030 tmdmonia)
322 957 426 1032 fuerit,
454 973 518 1016 eum
537 957 624 1036 liquet
641 974 755 1034 operam
776 954 901 1032 dedisse,
930 969 961 1016 ut
979 976 1038 1016 rem
1057 956 1171 1017 aliunde
1189 959 1233 1016 in·

135 1054 273 1130 cognitam
292 1059 439 1109 astrueret.
467 1050 578 1128 lnsigne
591 1059 634 1110 est
650 1049 758 1126 Polybri
777 1050 961 1109 testimonium
983 1070 1009 1110 c.
1020 1055 1070 1126 82,
1089 1053 1137 1130 qui
1155 1052 1234 1112 clare

11 1204 14 1209 ,
134 1154 221 1223 negat
240 1144 360 1202 Pallanti
378 1143 568 1203 Romanorum
587 1162 645 1202 rem
663 1143 752 1202 fuisse
768 1160 830 1201 cum
848 1142 1004 1202 Pallantius
1029 1162 1169 1223 quemque
1189 1155 1233 1203 ta·

135 1237 251 1296 menetai
264 1232 363 1295 Palatii
380 1235 455 1294 illam
475 1236 682 1314 originationem
701 1236 817 1309 inuenit,
836 1235 998 1294 Euandrum
1012 1236 1149 1296 Pallantia
1165 1248 1234 1315 pro·

134 1328 239 1391 facum
256 1329 396 1388 induxisse
414 1347 470 1389 non
490 1342 533 1388 est
550 1330 704 1408 probabile.
739 1328 869 1406 Namque
886 1329 993 1388 nonnisi
1013 1331 1131 1388 nominis
1149 1348 1234 1389 causa

135 1439 172 1482 ea
188 1421 285 1482 fabula
309 1422 463 1500 excogitata
487 1430 545 1481 est:
574 1430 604 1481 et
628 1423 802 1500 excogitata,
828 1423 869 1480 nti
893 1422 955 1499 ipse
972 1423 1121 1500 Dionysius
1138 1408 1167 1502 p.
1181 1427 1233 1498 80,

57 1561 61 1574 ,
135 1514 347 1591 1.15tesrarnr‚
367 1515 548 1575 aRomaniss
566 1527 642 1577 certe
661 1517 733 1576 enirn
750 1517 837 1575 uerba
857 1504 900 1584 ὥς
918 1507 1007 1574 nasot
1020 1506 1165 1591 ‘Papanios
1184 1509 1233 1574 λέ-

135 1625 243 1688 γουσιν
261 1609 429 1691 respondent
447 1610 500 1668 illia
518 1629 544 1670 c.
559 1616 612 1670 322
626 1600 683 1679 Ὡς
704 1603 741 1668 δέ
757 1627 836 1679 τινες
854 1601 1020 1686 ἶςοροῦσῃν.
1049 1609 1134 1682 Quod
1147 1609 1235 1668 Clau·

15 1770 17 1776 .
135 1703 229 1762 senius
253 1704 380 1782 [61284
404 1703 526 1782 scdpsita
553 1703 626 1762 Nube
650 1702 744 1778 fibris
767 1706 798 1761 itt
820 1702 984 1762 Pullooiino
1007 1702 1059 1762 den
1082 1702 1235 1762 heauudatt

136 1796 250 1856 Nantua
273 1796 451 1871 lithostroto,
479 1796 562 1854 doleo
585 1797 707 1855 famame
740 1815 804 1855 nam
831 1797 878 1874 qui
904 1797 981 1871 apud
1006 1797 1112 1857 nullum
1137 1814 1235 1855 eornm

136 1889 320 1968 scriptorum,
342 1909 412 1969 qnos
436 1889 556 1968 allegat,
582 1890 641 1948 eius
660 1888 737 1949 effati
755 1880 867 1948 causam
885 1891 1026 1966 inueniet,
1051 1889 1174 1948 leuitatis
1190 1907 1237 1948 ar·

137 1979 352 2070 chaeologorum
375 1982 543 2041 insimulabit
568 1980 749 2061 philologum.
794 1982 839 2042 De
866 1985 942 2043 cultu
965 1982 1090 2042 Euandri
1114 1984 1143 2042 in
1166 1981 1237 2043 urbe

137 2074 284 2155 Thelpnsa
302 2094 359 2136 non
378 2077 466 2155 magis
487 2083 605 2135 constat.
645 2075 811 2136 Themidem
836 2077 945 2137 huasse
968 2077 997 2134 in
1015 2075 1132 2136 Ladona
1149 2075 1237 2135 fluuio

136 2167 175 2226 ihi
193 2185 211 2228 a
229 2170 393 2248 quibusdam
411 2170 591 2245 narrabatur,
610 2166 732 2231 Pausan.
751 2173 782 2247 8,
802 2172 852 2232 26.
889 2169 1049 2249 Nympbam
1068 2170 1127 2229 eius
1145 2169 1238 2228 flumi-

105 2341 110 2347 ,
137 2261 181 2320 nis
204 2263 289 2321 filiam
308 2272 390 2323 uetus
407 2265 519 2322 Graeca
541 2261 639 2323 sabula
661 2261 773 2323 uidetur
796 2265 943 2324 tradidisse
961 2274 1077 2323 matrem
1096 2260 1237 2337 Euandri,

138 2353 223 2413 Paua.
243 2361 271 2427 8,
290 2361 337 2417 48.
383 2357 523 2416 Credibile
549 2375 616 2435 ergo
642 2368 686 2417 est
711 2360 903 2436 grammaticos
928 2360 1020 2438 potius
1045 2374 1079 2416 ex
1103 2354 1238 2414 Titanida

138 2438 253 2507 fatidica
270 2449 369 2508 iecisse
388 2449 537 2528 nympham
556 2449 697 2509 fatidicam
712 2461 831 2530 propter
841 2453 1032 2510 Romanorum
1048 2449 1238 2523 Carmentem,

139 2559 242 2620 quam,
267 2542 343 2620 qnod
362 2542 525 2602 Clauseuius
544 2563 574 2621 p.
592 2547 668 2602 1237
694 2547 841 2623 opinetur,
867 2545 1035 2603 eontrarium
1059 2543 1088 2600 in
1113 2541 1237 2616 modum,

140 2634 241 2712 uulgus
254 2633 387 2693 'matrem
411 2636 542 2694 Euandri.
565 2639 778 2695 commutauisse
804 2638 953 2696 Themide.
1005 2634 1091 2706 Quod
1120 2635 1238 2712 denique

71 2773 74 2777 .
139 2729 310 2805 grammatici
329 2736 401 2787 teste
419 2730 518 2788 Seruio
544 2728 580 2786 ud
600 2730 670 2787 Aen.
690 2732 719 2800 8,
735 2735 793 2787 110
811 2730 936 2788 Euandri
962 2730 1076 2788 alicuine
1095 2729 1238 2806 Tegeatae

140 2836 243 2879 numen
261 2825 290 2880 in
308 2832 453 2882 stemmate
475 2821 633 2880 Atridarum
653 2834 848 2900 reppererunt,
868 2840 988 2900 eumque
1000 2822 1165 2882 Clausenius
1183 2838 1238 2880 non

141 2911 282 2974 &nemum
301 2932 318 2974 a
337 2916 515 2975 Pallantiensi
540 2915 625 2973 fuisse
651 2916 794 2993 decernit,
820 2918 884 2996 qnia
904 2914 1058 2987 'Timaudra
1082 2913 1158 2973 dicta
1181 2931 1239 2974 esse

142 3008 266 3089 potuerit
283 3028 335 3089 pro
350 3005 445 3091 Νίκῃ,
465 3009 493 3067 id
511 3007 688 3066 iudicandum
708 3009 766 3067 aliis
784 3009 921 3086 relinquo.
961 3008 1046 3077 Quod
1064 3009 1149 3086 igitur
1166 3007 1239 3068 Phe-

143 3113 257 3163 neatam
274 3102 437 3162 Euandrum
461 3102 530 3160 dixit
548 3101 679 3179 Virgilius
696 3104 727 3176 8,
748 3102 815 3176 165,
842 3103 962 3177 primum
986 3100 1015 3158 id
1039 3102 1174 3178 signatius
1198 3100 1240 3175 fit,

143 3212 227 3272 qnam
246 3214 308 3253 cum
322 3193 439 3255 Ouidius
451 3195 620 3256 Nonacrium
639 3197 669 3270 5,
683 3198 723 3253 97
741 3205 770 3252 et
781 3185 957 3254 Parrhasium
977 3201 1007 3269 1,
1022 3196 1089 3262 478,
1108 3203 1159 3252 ant
1171 3195 1240 3252 Car-

142 3297 265 3371 mentem
284 3290 448 3366 Tegeaeum
464 3297 493 3346 et
506 3288 690 3349 Maenalidem
709 3295 739 3362 1,
751 3290 826 3363 627,
846 3291 876 3363 6,
889 3288 962 3363 5253
983 3290 1084 3363 1,(134
1102 3287 1240 3365 appellata

144 3376 245 3438 deinde
268 3381 291 3438 si
315 3388 501 3440 commentum
526 3383 667 3460 poeticum
692 3391 828 3456 nonest,
856 3391 932 3439 certe
958 3399 1009 3440 nec
1033 3380 1241 3458 grammaticum

144 3489 207 3532 esse
221 3472 341 3548 uidetur,
362 3475 401 3532 uti
419 3475 564 3556 superiora
582 3475 645 3535 illas
665 3484 724 3532 tum
744 3476 875 3532 conuenit
893 3493 957 3532 cum
976 3492 1010 3532 ea
1029 3473 1144 3533 fabulae
1160 3489 1242 3549 grae·

145 3583 196 3623 cae
214 3574 311 3645 parto,
330 3582 403 3643 quae
421 3577 499 3624 extra
517 3567 634 3626 fictionis
652 3567 834 3645 suspicionem
853 3568 945 3646 posita
963 3567 1029 3628 item
1049 3576 1109 3641 est,
1128 3565 1166 3624 de
1182 3564 1243 3623 La-

145 3656 220 3718 dnne
237 3678 292 3718 auo
311 3666 436 3717 materno
454 3659 599 3735 Euandri‚'
611 3660 668 3719 uid.
688 3661 817 3720 Clausen.
837 3681 867 3739 p.
879 3665 963 3730 1288,
982 3658 1157 3718 discnnuenit
1173 3675 1242 3716 nero

145 3769 208 3809 cum
227 3751 351 3832 Dionysii
369 3771 485 3813 murana
505 3755 691 3830 expositione,
712 3771 831 3830 quacum
851 3772 935 3832 aegre
953 3757 993 3812 itu
1011 3752 1185 3826 conciliatur,
1203 3752 1244 3808 uti

145 3843 178 3904 fit
196 3862 214 3905 a
233 3844 347 3920 Virgilio
366 3846 412 3904 nel
430 3845 569 3906 Pausania
588 3850 617 3916 8,
634 3848 684 3922 48,
703 3853 734 3922 2,
761 3856 791 3905 ut
810 3854 858 3904 aut
876 3849 998 3906 omnium
1017 3846 1159 3906 Arcadum
1178 3863 1244 3923 pro·

29 4012 32 4019 ¹
146 3953 216 3995 auus
235 3936 346 4012 Pallas,
372 3947 422 3999 aut
440 3941 585 3999 comitatus
608 3939 734 4001 Euandri
752 3939 890 4019 Pallantia
909 3942 1080 4018 potissimum
1099 3939 1245 4017 proiectus

93 4083 96 4091 .
146 4028 265 4090 dicatur.
314 4032 376 4090 Hos
401 4050 468 4110 ergo
493 4051 528 4095 ex
551 4033 714 4093 accuratiori
740 4048 857 4111 graecae
879 4034 1018 4111 religionis
1042 4032 1200 4110 cognitione
1222 4031 1247 4089 si

146 4123 236 4201 duait,
254 4123 291 4184 de
310 4125 356 4184 uia
374 4124 507 4188 affirmari
524 4126 572 4185 uir
591 4126 739 4207 quicquam
757 4134 861 4207 potest,
878 4144 935 4204 qua
952 4127 982 4187 in
1000 4126 1107 4189 ltaliam
1119 4125 1245 4215 perlatus
