2550 4574
537 236 665 285 arbitris
1073 244 1155 299 ιω

47 385 154 445 nnllam
172 384 260 443 aliam
277 384 315 443 ob
333 402 446 445 mnsam
464 386 749 449 interAnnilustriurn
768 397 799 449 et
816 387 978 453 Saturnalia
990 393 1155 475 Septimon-

47 480 116 539 tium
134 479 276 539 omittitur
300 488 330 537 et
353 488 417 557 post
436 482 522 541 totins
548 483 613 540 anni
636 482 748 541 demum
767 482 851 543 serias
869 486 1029 565 subiicitur,
1053 491 1155 553 additis

48 573 94 633 liis
111 573 231 653 nerbise·
242 572 331 645 {mino
347 590 405 632 nort
421 573 535 652 populi,
552 575 603 634 sed
619 584 812 637 montanorum
828 577 928 654 modo,
947 587 979 639 nt
996 585 1156 660 Pannoniis

10 716 12 721 .
50 669 89 727 iis
106 669 153 743 qut
167 673 239 725 anst
255 665 394 744 nliosoino
411 671 488 744 nont
528 670 763 746 llortnlanornm,
790 673 850 731 sine
873 673 1004 733 olitornnr
1026 680 1155 739 uetustis-

52 759 207 817 simosans
222 758 339 819 Veneris
358 759 492 821 odoratio-
503 772 573 835 emt,
593 763 651 825 uid.
668 765 792 842 interpp.
807 763 844 822 ad
859 764 942 826 Paul.
955 785 979 825 s.
994 787 1022 828 n.
1044 772 1156 850 Gonmr,

52 861 133 911 aaut
148 862 244 911 tamen
261 854 305 913 illi
320 872 387 932 pars
405 859 505 933 exigue
524 858 641 935 populi,
659 875 729 931 nec,
748 867 779 916 ut
796 866 887 935 puto,
908 859 1016 936 urbani,
1034 862 1083 922 sed
1102 883 1156 943 pa·

49 946 520 1026 goni-,bominem-nuandoquidem
540 968 640 1009 eorum
654 949 743 1009 feriae
760 952 880 1009 motione
898 953 1057 1029 appellatae
1074 966 1151 1016 sunt.

50 1038 126 1099 Num
145 1042 218 1101 certi
234 1042 353 1101 atmiis
371 1042 439 1120 pagi
451 1041 567 1118 inerim,
586 1043 634 1120 qui
649 1040 745 1102 hortos
761 1043 896 1120 plurimos
908 1044 1046 1122 babuerit,
1064 1046 1157 1107 fateor

48 1133 117 1193 n‘lti
133 1133 253 1193 dubinsn
270 1154 343 1211 me,
362 1153 531 1216 quamquam
545 1137 623 1195 Festi
640 1137 728 1195 uerba
742 1136 770 1195 ei
784 1138 933 1215 suspicioni
949 1138 1056 1197 fiuent.
1083 1140 1155 1201 Vtut

49 1236 114 1305 est,
133 1228 243 1287 litteras
258 1228 333 1288 F.P
349 1229 380 1287 iu
399 1229 497 1288 tabuia
516 1229 657 1291 Msiieana
682 1230 851 1304 interpretor
868 1229 1156 1309 facinorosorum.

47 1318 82 1383 Si
108 1322 277 1381 coniicerenr
293 1321 425 1381 tabulam
443 1322 633 1405 Maffeouaur,
660 1341 732 1401 quae
759 1333 831 1383 teste
848 1324 873 1381 F
875 1325 984 1401 ogginio
1003 1328 1083 1403 pso
1102 1326 1157 1388 fnit

46 1415 202 1495 Quando
220 1417 251 1475 in
267 1415 375 1492 solatio
389 1419 560 1477 Foroosionn
579 1415 617 1477 nd
634 1418 767 1495 domnam
785 1416 896 1489 Mans,
915 1428 1054 1496 repertam
1071 1420 1157 1479 stiam

48 1528 112 1571 esre
133 1511 167 1567 in
192 1528 229 1568 ea
252 1510 355 1595 uicinia
377 1518 407 1569 et
433 1510 501 1569 olim
528 1512 698 1589 propositam
716 1510 802 1569 subse
825 1512 856 1569 in
880 1530 961 1569 nsum
979 1530 1154 1588 paganorum

51 1605 138 1665 Collis
161 1603 362 1677 Hortulonrm,
387 1604 455 1681 quie
479 1605 509 1661 in
537 1605 611 1663 tituli
637 1605 784 1663 maximam
811 1613 920 1682 panem
944 1605 1038 1663 amissi
1062 1606 1154 1683 primo

52 1694 137 1759 m
152 1698 262 1775 syllaba
280 1695 380 1755 cot..
394 1734 426 1755 ..
444 1706 537 1768 extet,
565 1716 622 1776 qua
646 1699 676 1756 in
703 1699 816 1775 regione
841 1698 938 1776 templi
964 1697 1066 1759 rudera
1090 1710 1157 1759 sunt

49 1800 166 1871 repom
183 1800 213 1851 et
230 1791 320 1868 lapis,
344 1792 376 1849 in
394 1810 451 1870 quo
469 1793 582 1849 nomino
601 1791 773 1851 aedituorum
794 1794 907 1851 Veneris
924 1790 1067 1851 boriosam
1085 1792 1156 1853 sot-

49 1884 238 1945 lrulinsrorrrar
254 1884 407 1961 leguntur,
431 1885 492 1943 uid.
511 1884 650 1959 Nardini,
676 1886 768 1945 Roma
788 1895 846 1945 ant.
865 1885 911 1944 ed.
931 1892 1023 1963 quart.
1042 1884 1073 1943 di
1090 1887 1156 1945 Ant.

49 1980 158 2057 Nitty,
172 1984 203 2055 8,
223 1997 253 2056 p.
268 1980 308 2037 95
322 1999 386 2057 sq.;
404 1978 442 2037 ad
462 1978 490 2036 id
509 1980 593 2056 igitur
611 1981 758 2060 ternplum,
775 1979 895 2038 fortasse
912 1979 1058 2056 aliquoties
1076 1980 1158 2037 resti-

50 2082 156 2147 tutum,
174 2072 341 2151 pertinatiae
356 2070 464 2131 Vinalia
484 2074 648 2149 posteriora,
667 2094 740 2153 quae
757 2075 875 2133 Rustica
892 2072 992 2131 eodem
1011 2072 1094 2129 modo
1113 2072 1157 2131 di·

52 2176 163 2240 enntnr,
180 2176 267 2243 atque
284 2165 362 2243 opud
380 2166 537 2227 Martialem
555 2168 586 2242 ὁ,
603 2174 652 2238 22,
671 2171 691 2225 4
708 2171 815 2228 esebon
833 2166 930 2241 Floro,
949 2165 1101 2223 bariolarer
1119 2165 1156 2225 ad

56 2260 298 2336 nemeotogorum
317 2260 500 2337 quorumdam
519 2278 634 2319 rnorem.
654 2295 692 2307 --
710 2261 779 2319 Post
797 2260 909 2322 Vinalia
927 2260 957 2316 in
974 2259 1157 2336 Robigalibus

59 2370 121 2411 mm
138 2352 232 2411 abina
245 2352 389 2413 Maffeana
402 2357 539 2413 consentit
551 2353 672 2414 Ouidius
692 2364 721 2413 et
739 2353 856 2432 pulchre
874 2354 1027 2411 illustratur
1041 2372 1059 2410 a
1071 2352 1159 2413 Proo-

61 2446 173 2505 nestina.
188 2476 229 2491 -
252 2448 304 2505 llll
322 2447 390 2508 Kal.
409 2467 475 2506 num
495 2458 561 2506 nota
579 2448 631 2506 NP
653 2449 731 2507 binas
749 2448 834 2507 serim
853 2450 882 2505 in
902 2446 994 2524 lapide
1013 2444 1156 2504 Mnffeano

62 2537 179 2613 indicet,
195 2538 426 2617 quemadmodum
444 2542 477 2600 tit
494 2544 523 2600 in
541 2543 733 2617 Praenestino,
749 2542 955 2600 dedicationem
973 2539 1072 2616 templi
1088 2538 1157 2597 Flo-

65 2646 114 2688 rne
124 2640 153 2689 et
166 2632 266 2691 Vestae
282 2635 474 2710 migrationem
493 2635 522 2692 in
540 2636 687 2712 palatium,
706 2636 781 2695 band
801 2635 927 2695 dixerim.
961 2632 1040 2691 Nibil
1060 2630 1096 2689 de
1115 2629 1158 2688 bis

65 2721 132 2783 tuit·
148 2724 234 2785 babet
250 2726 342 2784 Varro
361 2730 455 2802 o,1o.
491 2730 526 2785 At
539 2729 691 2787 Muellerus
709 2749 738 2788 u.
754 2730 789 2788 cl.
810 2739 946 2806 utrasque
965 2724 1077 2783 affuisse
1092 2722 1159 2783 olim

10 2850 19 2885 ·‚
68 2814 187 2892 affirmat,
206 2836 224 2876 e
243 2819 359 2877 librariis
377 2811 441 2877 cum
460 2821 522 2878 aliis
540 2822 705 2898 quibusdam
726 2824 826 2881 omissa
844 2840 917 2896 esse,
937 2820 1003 2897 quia
1022 2817 1160 2877 avaras

9 2944 16 2957 ·
68 2924 134 2969 nero
151 2910 206 2969 boo
228 2922 325 2985 nostro
344 2913 381 2971 nd
399 2914 518 2972 alterum
537 2914 564 2971 V
583 2914 625 2973 ld.
644 2914 706 2973 iun.
728 2917 915 2973 aberrassent.
954 2913 998 2969 De
1017 2911 1070 2967 bac
1088 2928 1159 2987 quo·

68 3020 114 3079 qne
135 3022 168 3065 re
190 3006 324 3064 maiorem
350 3008 379 3064 in
406 3005 519 3065 modum
544 3006 651 3066 dubito.
690 3008 813 3065 Primum
841 3008 953 3064 minime
978 3010 1086 3061 constat
1111 3009 1161 3059 ant

17 3112 20 3117 ·
68 3094 221 3174 Varronem,
242 3109 291 3158 out
309 3098 455 3175 Ouidium,
474 3109 524 3158 ant
542 3108 684 3157 auctorem
702 3099 837 3159 fastorum
853 3098 1057 3157 ttaffeanorum
1076 3094 1160 3153 serios

68 3187 197 3267 Muta,
220 3192 267 3250 uel
287 3194 384 3271 templi
402 3194 461 3251 eins
486 3192 691 3250 dedicationem
710 3192 763 3251 boc
781 3211 879 3251 mense
898 3190 1018 3249 nouisse.
1057 3189 1159 3247 Feriae

67 3282 217 3344 siurone
236 3295 381 3344 enarratae
398 3287 489 3344 solent
502 3285 610 3361 magnis
628 3285 726 3342 litteris
744 3287 773 3343 in
793 3285 889 3343 tabula
906 3293 1000 3343 nostra
1014 3283 1161 3360 perscribi.

66 3373 146 3437 Verrii
163 3378 266 3435 lemma
284 3378 312 3434 in
330 3377 409 3436 fastis
423 3378 609 3436 Praenestinis
627 3386 722 3454 potest
741 3376 841 3436 referri
862 3377 898 3434 ad
918 3378 1051 3454 templum
1070 3394 1088 3433 a
1106 3375 1159 3431 Ti·

64 3468 132 3529 teto
149 3488 227 3529 enno
246 3469 282 3529 V.
296 3471 331 3529 C.
350 3474 409 3528 770
427 3472 594 3539 restitutum,
612 3468 671 3526 uid.
691 3471 784 3527 Tacit.
805 3489 871 3528 ann.
893 3476 921 3544 2,
932 3473 980 3528 49.
1019 3469 1159 3538 Quoniam

62 3570 147 3622 nen
167 3564 278 3641 pristini
296 3565 393 3642 templi
411 3563 550 3622 dedicatio
568 3565 604 3620 ab
624 3562 746 3635 Ouidio,
765 3564 848 3621 etiam
867 3564 891 3621 si
909 3565 1004 3637 nouit,
1023 3564 1054 3620 in
1074 3579 1161 3638 opere

59 3656 219 3736 inperfecto
238 3659 327 3716 omitti
344 3658 448 3737 potuit,
469 3674 558 3734 eaque
571 3654 608 3712 ad
623 3655 776 3713 Varronem
797 3657 864 3714 nibil
882 3657 1014 3733 pertinet,
1033 3656 1062 3715 in
1081 3653 1159 3711 sestis

56 3747 133 3809 lost.
154 3768 224 3809 uero
243 3760 338 3809 notata
359 3768 419 3808 esse
438 3760 550 3828 potest,
569 3748 638 3806 nibil
657 3748 774 3807 definio:
801 3748 884 3805 modo
903 3747 970 3804 illud
989 3749 1018 3804 iu
1038 3748 1160 3804 animum

10 3904 13 3911 ,
55 3860 94 3903 no
110 3844 261 3902 induxisset
280 3843 447 3902 clarissimus
465 3843 637 3917 Muellerus,
657 3841 760 3901 Vestae
779 3859 907 3914 sacrum,
926 3840 1001 3916 quod
1021 3849 1097 3897 certe
1116 3841 1161 3897 in·

53 3934 164 3995 dicotur
181 3938 212 3994 in
230 3935 310 3995 fastis
330 3936 422 4012 Maff.,
443 3956 461 3996 a
479 3938 719 3995 Varrone.notnri
737 3934 862 4014 potuisse
881 3934 927 3990 nel
945 3932 1085 3993 debuisse.
1116 3931 1162 3990 De

52 4046 89 4089 so
108 4047 189 4088 moro
208 4040 338 4089 auctores
363 4051 435 4109 quos
460 4031 590 4104 ascribit,
618 4028 738 4086 Ouidius
757 4037 786 4085 et
805 4026 936 4101 Verrius,
956 4025 1078 4101 docent,
1102 4024 1161 4083 Ve-

50 4132 115 4183 aas
139 4121 240 4182 eodem
267 4123 424 4184 dedicatam
449 4125 479 4184 in
506 4123 590 4181 domu
610 4123 726 4199 Augusti
751 4121 881 4189 Quirinio
909 4131 939 4179 et
963 4120 1063 4196 Valgio
1090 4134 1161 4176 cort.

89 4234 139 4287 01¹·
153 4234 226 4284 tao.
240 4234 332 4296 Proleg.
895 4213 922 4270 D
