2550 4574
66 284 76 294 ·
141 269 244 325 cotim
619 272 663 321 ntt
683 271 757 331 nats

140 426 227 488 umba
244 425 383 486 suatur
404 431 436 484 et
456 429 546 502 potest
570 422 692 484 indicare
715 422 871 501 uideantur.
909 422 1082 484 Testimonia
1106 431 1236 487 66666666

141 521 179 580 ds
197 520 250 578 boc
267 518 321 579 dan
340 519 470 594 babebis,
488 520 511 577 si
529 517 628 578 adieris
645 518 810 577 Muellerum
827 517 938 578 Etrusc.
957 522 987 588 2,
1005 537 1036 597 p.
1050 521 1100 595 60,
1110 522 1164 594 61,
1184 520 1237 580 sed

141 613 274 674 adieceris
292 611 405 675 Festum
424 630 454 689 p.
467 614 535 686 229,
555 618 571 669 1
591 613 655 683 sin..
678 613 726 691 qui
744 612 874 671 conuenit
889 630 968 671 cum·
978 612 1123 690 Augustini
1142 615 1237 674 uerbis

140 715 170 766 at
186 705 291 770 Arnob.
310 709 339 775 6,
358 707 388 779 0,
407 704 456 761 nbi
473 705 556 763 etiam
575 725 628 783 pro
645 705 711 764 Dite
729 705 851 784 ponitur.
888 705 983 779 Altera
1008 705 1092 781 igitur
1115 705 1154 767 de
1179 707 1235 767 deo

139 799 312 877 fulguratore
335 815 370 855 ex
394 797 574 858 Etruscorum
600 798 743 877 disciplina
768 799 855 876 petita
881 796 991 856 uidetur
1013 782 1166 874 sententia,
1191 800 1236 859 nl·

139 901 201 953 tera
218 892 385 951 Sabinorum
402 889 499 965 suerit,
518 891 582 952 uide
600 892 684 952 Varr.
698 891 735 952 da
752 891 773 951 l.
793 891 813 951 l.
832 889 865 965 6,
877 892 925 949 74.
963 891 1090 970 Vtraque
1106 911 1171 950 com
1188 893 1235 953 la·

21 994 23 1005 '
139 986 239 1047 cilliane
257 984 433 1055 concilietur,
459 985 487 1043 in
512 985 623 1043 nomine
645 984 817 1064 potissimum
837 983 957 1043 haesisse
974 984 1128 1043 Varrone·
1147 994 1234 1063 puta·

140 1080 236 1138 amiur.
274 1077 423 1136 Muellerus
441 1077 507 1155 qnia
525 1077 601 1155 apud
613 1078 743 1138 Plautum
756 1075 888 1136 Bacobid.
904 1079 935 1152 l,
944 1081 975 1154 8,
987 1076 1026 1137 64
1043 1076 1122 1137 libris
1141 1077 1235 1138 sst-

139 1190 276 1246 monus,
296 1169 355 1241 Sol,
376 1173 517 1229 66666666
535 1169 615 1247 dique
632 1189 726 1241 omnes
743 1176 836 1230 anast
854 1169 968 1246 babent,
987 1170 1051 1230 ideo
1067 1188 1171 1231 nomen
1189 1173 1233 1232 ln·

140 1265 228 1324 tinum
252 1281 307 1321 non
333 1263 420 1322 fnisse
442 1264 607 1342 suspicatur.
644 1264 714 1323 Mihi
738 1262 855 1323 eandem
878 1265 915 1323 nb
935 1262 1231 1326 causamSummanus

57 1381 63 1396 .
138 1356 213 1417 idem
236 1355 321 1415 fuisse
345 1355 489 1415 Nocturna
508 1356 706 1432 Etruscorum,
733 1355 829 1415 Mucii.
849 1362 880 1432 2,
899 1376 929 1435 p.
941 1361 996 1415 131
1016 1375 1082 1443 ann.
1102 1360 1158 1434 26,
1179 1357 1231 1420 sed

74 1471 81 1483 ·
139 1457 270 1511 muttum
288 1468 389 1509 nomen
407 1467 426 1508 a
444 1450 537 1528 lingna
548 1450 666 1509 Etrusca
683 1448 864 1528 repetendum
884 1448 1001 1509 uidetur.
1038 1449 1114 1510 Nam
1131 1470 1231 1531 quem·

76 1562 79 1567 ·
138 1542 288 1605 66666666
306 1543 351 1604 dei
367 1542 448 1603 inseri
466 1543 563 1602 ominis
582 1560 666 1601 cansa
686 1562 742 1603 non
760 1542 843 1621 nigri,
861 1541 911 1601 sed
928 1542 1027 1620 66666
1041 1546 1135 1607 66666
1153 1555 1231 1622 sunt,

138 1636 197 1697 uid.
216 1636 321 1696 Placidi
343 1638 427 1715 gloss.
448 1656 477 1714 p.
487 1638 544 1698 451
558 1636 613 1712 Μ,
636 1636 718 1697 Paul.
735 1636 814 1697 Diac.
834 1641 975 1714 p.22,2,
997 1645 1028 1696 et
1048 1638 1231 1716 666666666-

138 1730 206 1790 dnm
223 1728 387 1809 Sophocles,
396 1731 426 1789 i
442 1729 552 1809 Oedipo
571 1747 639 1809 rege
651 1732 745 1790 Ditem
763 1739 870 1808 patrem
889 1730 977 1789 noluit
994 1739 1161 1791 nocturnum
1180 1752 1231 1792 no·

140 1841 217 1899 care,
235 1815 363 1902 ἕσπερον
381 1817 458 1883 θεὸν
476 1822 554 1898 dixit,
572 1824 611 1882 ita
628 1823 689 1884 lieri
707 1825 807 1903 potuit,
825 1832 857 1882 ut
874 1825 1021 1885 ameliore
1034 1825 1160 1904 proximo
1171 1844 1231 1886 ma·

45 1962 47 1965 -
138 1918 228 1979 tutius
246 1927 372 1996 tempore
390 1916 549 1977 Suburanus
565 1919 771 1994 nominaretur,
788 1915 850 1976 fere
868 1926 900 1976 ut
916 1917 1036 1979 Romani
1047 1926 1128 1979 teste
1143 1920 1230 1980 Festo

137 2030 169 2091 p.
181 2014 249 2088 606,
261 2013 301 2070 26
311 2011 365 2069 sin.
383 2008 538 2069 substillstm
556 2009 731 2087 appellarunt
749 2020 857 2088 tempus
875 2022 941 2070 ants
958 2012 1091 2091 pluuium.

213 2102 300 2177 Quod
319 2101 413 2167 Varro
431 2102 467 2162 fr.
481 2097 503 2161 4
519 2102 636 2162 Palem
654 2105 805 2164 mamalum
824 2103 908 2163 deum
925 2104 1005 2176 fecit,
1028 2117 1156 2184 speem
1172 2127 1231 2188 po-

58 2272 62 2283 ,
137 2199 191 2260 tuit
208 2198 389 2258 amarorum
406 2196 590 2276 dsuptnnm,
608 2198 658 2277 qui
678 2192 751 2257 inter
767 2197 887 2257 Penates
904 2196 1056 2257 secundnm
1074 2201 1177 2268 Arnob.
1196 2205 1228 2276 3,

137 2295 179 2352 60
195 2293 290 2352 colom
307 2291 419 2365 Polam,
436 2290 486 2351 sod
503 2309 559 2351 nort
575 2290 656 2351 66666
672 2290 822 2367 innisum,
841 2307 924 2367 66666
941 2289 1100 2366 oolporitas
1114 2296 1226 2371 rumpit,

137 2384 186 2445 666
199 2384 346 2445 mascelini
358 2388 448 2445 amolo
462 2403 541 2462 quom
551 2389 657 2462 pencris
669 2385 915 2445 6666661666
927 2402 963 2443 oo
976 2384 1106 2445 simma.
1132 2386 1228 2465 lpsum

35 2518 40 2525 ,
136 2477 212 2538 banc
222 2479 333 2537 Arnobii
345 2478 435 2537 locum
452 2477 499 2535 ubi
510 2479 601 2555 attigit
614 2478 775 2553 Muellerus,
789 2478 851 2536 Etr.
860 2483 891 2553 2,
904 2495 935 2555 p.
941 2480 989 2548 61,
1007 2479 1161 2556 suspimtur
1171 2480 1228 2540 Pa·

51 2572 53 2577 ’
137 2573 285 2632 lisnomen
298 2589 355 2630 non
368 2569 601 2644 esseEtrusoum,
618 2570 668 2629 sed
684 2581 781 2630 mutuo
794 2571 1120 2648 sumptumcRouranis.
1150 2573 1229 2634 Sane

136 2665 236 2724 mirum
253 2663 327 2723 soret
350 2661 427 2740 apud
448 2670 595 2741 utrumqne
614 2663 749 2742 populun
772 2662 845 2725 idem
863 2683 966 2723 nomen
983 2665 1043 2724 sina
1060 2665 1118 2725 ullo
1137 2674 1227 2727 trans·

102 2806 106 2815 .
136 2757 245 2817 lationis
264 2757 378 2834 uestigio
395 2755 580 2833 deprehendis
599 2774 697 2814 uerum
715 2754 799 2816 nihilo
818 2757 988 2835 probabilius
1006 2768 1049 2818 est
1067 2762 1227 2836 grsnmnti·

137 2869 200 2910 corn
219 2851 301 2909 istum
318 2851 347 2908 in
366 2858 463 2925 66666,
482 2867 555 2928 quae
572 2859 703 2926 notatur,
726 2850 845 2909 neminie
863 2851 974 2910 Etrusci
996 2861 1026 2911 et
1043 2852 1153 2911 romani
1170 2852 1227 2912 dis·

135 2943 312 3004 similitudine
336 2942 416 3002 buius
440 2943 654 3022 appellationem
673 2944 821 3002 contulisse
843 2945 873 3002 in
896 2943 973 3004 illud.
1010 2944 1067 3003 dut
1088 2946 1172 3024 igitur
1188 2948 1227 3006 si·

135 3036 199 3099 mile
217 3055 318 3096 nornen
331 3037 479 3096 Etruscum
497 3053 638 3095 romanam
656 3034 784 3113 sormam,
803 3038 1022 3097 terminationem
1036 3040 1165 3116 maxime,
1184 3041 1227 3099 in·

135 3131 207 3206 duit,
226 3142 275 3190 ant
292 3130 442 3191 admonitio
463 3129 500 3190 de
517 3129 679 3189 diuersitate
696 3148 777 3189 sexus
798 3139 829 3190 et
848 3131 932 3213 oflicii
950 3141 993 3190 ast
1008 3132 1132 3209 Arnobii,
1149 3134 1226 3212 prio-

135 3241 192 3298 res,
210 3224 333 3283 fortassis
351 3235 468 3304 uterque
484 3220 614 3302 populus,
633 3240 743 3282 causam
760 3223 935 3301 inuenerant,
955 3242 1005 3283 cur
1018 3227 1132 3286 numina
1146 3244 1226 3287 com-

135 3325 276 3395 pararent.
312 3316 383 3374 Eam
399 3334 510 3376 causam
529 3315 670 3393 intelligo,
694 3315 770 3393 quod
789 3315 888 3376 indicia
906 3319 1043 3397 quaedam
1060 3318 1171 3379 docere·
1182 3321 1228 3378 ni-

46 3440 62 3481 ·.
134 3407 235 3466 dentur
254 3398 361 3467 Romae
384 3415 496 3488 qnoque
516 3406 610 3469 Palem
633 3409 752 3487 aliquem
777 3410 940 3488 pertinuisse
964 3410 1000 3470 66
1019 3412 1150 3472 Penates.
1186 3413 1223 3471 lli

129 3502 202 3559 sutri
228 3511 292 3558 sunt
315 3502 423 3560 Romae
449 3512 478 3562 et
497 3500 610 3560 Lauinii
638 3521 699 3560 cum
725 3503 812 3562 Vesta
841 3513 871 3563 et
895 3503 1038 3582 Palladio,
1063 3490 1168 3566 Strabo
1192 3509 1223 3580 6,

132 3612 163 3673 p.
175 3593 288 3653 264BC
308 3595 443 3652 Casaub.s
462 3588 513 3651 scol
532 3587 592 3672 γὰρ
611 3590 643 3654 ἓν
657 3584 759 3671 Ῥώμη
778 3591 830 3655 καὶ
849 3591 881 3654 lv
894 3593 1059 3680 Λαονινίῳ
1077 3634 1117 3646 -
1130 3591 1225 3668 Ἰλιὰς

127 3680 247 3762 Ἀθηνᾶ
260 3684 407 3761 notarat,
425 3674 468 3754 ὥς
480 3679 597 3745 ἐκεῖθεν
615 3689 813 3765 κομισθεῖσα,
833 3690 963 3752 Clausen.
976 3711 1006 3771 p.
1017 3695 1085 3751 62³.
1112 3693 1146 3752 ld
1157 3693 1225 3753 Pal·

132 3779 254 3854 ladiurn,
278 3779 315 3838 de
333 3780 409 3839 cuius
428 3780 600 3839 obscuritate
622 3781 686 3841 uide
703 3783 879 3842 Clauseninm
897 3805 928 3865 p.
939 3789 1014 3860 700,
1037 3787 1224 3863 excogitatum

131 3882 174 3933 est
191 3891 210 3932 6
228 3873 364 3948 Graccis,
388 3873 428 3932 uti
451 3872 587 3932 coniicere
612 3875 722 3951 licebit,
747 3885 863 3954 propter
884 3879 971 3938 simile
986 3878 1101 3958 aliquod
1121 3897 1225 3938 nomen

36 3990 38 3994 ·
131 3984 194 4026 osan
217 3966 367 4025 Penatibus
394 3966 521 4043 coniungi
547 3968 668 4026 solitum.
719 3967 828 4027 Eodem
851 3970 935 4031 modo
963 3972 1093 4034 Pallantis
1119 3989 1224 4030 nomen

129 4077 265 4137 graecum
279 4059 398 4118 refertur
416 4058 453 4117 ad
471 4057 626 4137 Lemniam,
646 4060 700 4119 boc
717 4069 771 4136 est,
790 4062 827 4121 ad
845 4065 962 4141 patriam
979 4064 1126 4124 Penatium
1144 4063 1224 4144 apud

127 4149 285 4249 Polybium,
301 4152 416 4230 Dionys.
436 4151 502 4215 Hal.
522 4158 552 4231 1,
562 4156 616 4231 32,
635 4153 767 4217 Clausen.
785 4173 816 4236 p.
827 4159 893 4233 868,
913 4156 1147 4241 quenadmodum
1163 4157 1223 4220 Pa·
