2550 4574
135 232 238 286 eom
331 288 336 301 ⁸
388 262 391 270 f
574 274 577 281 ,
616 223 660 273 Db
680 223 755 273 nnis

137 386 188 464 u,
204 382 398 464 Dionyam,
415 387 481 462 post
494 383 654 458 semestrem
667 377 697 436 in
708 377 803 436 Sicilia
817 377 1064 437 commorationem
1082 386 1112 439 5
1130 378 1241 440 insulae

137 479 413 554 drcumuectionem,
431 475 515 543 Dion.
535 476 606 548 c.2,
629 470 799 531 frumentum
817 472 894 551 plebi
912 472 1044 531 esurienti
1064 475 1242 552 conquisiue-
1264 524 1267 535 .

138 581 217 634 runt.
254 572 327 630 Hinc
344 577 408 646 est,
432 566 509 648 quod
527 583 546 624 a
563 564 639 644 plebs
657 571 735 623 Anna
755 565 873 641 colitur,
896 564 955 625 Ou.
976 570 1007 641 3,
1020 565 1089 625 525.
1129 567 1241 626 Nomen

139 666 257 743 mansit,
281 681 384 724 numen
400 657 538 722 mutatum
561 668 591 718 et
613 659 649 717 ad
669 675 797 716 annonae
813 658 982 718 leuationem
1001 658 1242 718 accommodatum

58 771 66 786 ·
139 766 194 834 est,
214 766 287 837 qu'ae
304 739 370 816 eius
381 755 453 815 deae
472 752 593 832 auspicio
612 751 687 809 lacta
705 748 862 809 uideretur:
887 752 938 810 sed
957 761 1050 810 tamen
1070 753 1178 830 probra
1197 753 1242 810 illa

140 858 171 913 et
187 852 325 910 obscaena
343 869 379 909 ex
401 849 550 928 peregrino
575 847 649 903 cultu
675 844 956 922 transmigrauerunt3
983 861 1075 927 neque
1097 845 1242 902 miraberis

129 930 204 1004 ‘cum
224 945 336 1004 Aeneae
354 942 450 1001 fabula
469 940 615 1019 Lanuuiua
634 940 741 1007 Annam
763 938 896 1008 coaluisse
914 940 1019 1014 denuo,
1039 957 1103 997 cum
1122 939 1242 1016 primum

140 1037 312 1099 deveneris
337 1035 395 1096 filio
413 1035 489 1093 fama
507 1033 653 1092 increbuit.
691 1030 787 1106 Magni
805 1031 949 1091 intersecet
967 1033 1055 1107 scire,
1081 1050 1140 1109 quo
1158 1032 1243 1090 modo

132 1130 255 1190 ‚Melitae
270 1128 350 1189 etad
364 1127 524 1188 Crathidem
538 1144 660 1201 amnem,
680 1122 737 1184 Ou.
749 1129 777 1195 3,
790 1123 856 1194 567,
870 1125 936 1196 581,
956 1125 1030 1183 culta
1048 1125 1135 1184 fuerit
1149 1127 1242 1184 Anna:

142 1221 247 1283 cultam
263 1219 349 1280 inisse
367 1238 425 1278 555
441 1218 550 1293 dubito,
565 1206 636 1297 'quin
659 1227 734 1277 recte
749 1217 911 1280 Clausenius
930 1218 1096 1277 diuinauerit
1115 1237 1146 1296 p.
1155 1222 1225 1276 720.

219 1316 264 1376 Da
282 1314 510 1390 Proserpina,
536 1329 620 1388 quam
639 1309 787 1387 superioris
807 1311 868 1368 libri
886 1310 955 1371 fni
975 1310 1056 1368 deam
1076 1321 1182 1370 certam
1202 1313 1244 1370 in·

143 1406 399 1488 digitamentorum,
419 1403 495 1482 apud
513 1402 647 1463 Ouidium
666 1412 759 1460 autern
778 1404 806 1472 4,
818 1404 876 1461 417
890 1422 932 1482 sq.
953 1404 1244 1482 communemhabes,

49 1485 50 1488 ¹
144 1501 316 1564 commodius
336 1519 393 1559 una
410 1518 474 1557 cum
487 1499 591 1558 Cerere
609 1504 700 1554 matre
718 1505 825 1572 agetur.
862 1495 907 1555 De
926 1497 1071 1556 Laribus
1089 1497 1243 1557 Praesti·

119 1576 239 1674 ,tibus
254 1597 283 1666 5,
303 1595 360 1652 129
378 1600 408 1651 et
426 1590 462 1650 de
480 1590 680 1674 lemuribus
697 1607 727 1647 u.
742 1592 798 1646 483
818 1600 952 1667 quantum
971 1610 1043 1670 opus
1062 1592 1131 1664 erit,
1156 1595 1242 1672 paulo

111 1680 115 1685 ⁴
144 1682 272 1764 iuferius,
288 1687 336 1745 ubi
354 1684 391 1744 de
409 1684 484 1743 Lara
501 1686 563 1743 siue
581 1683 689 1757 Mania,
709 1699 799 1766 agam.

221 1779 255 1839 ln
280 1780 400 1839 Matre
421 1777 591 1850 Matuta,
625 1775 858 1855 quemadmodum
887 1778 995 1840 Romae
1026 1780 1131 1841 cultam
1160 1800 1245 1860 supra

145 1892 178 1954 p.
192 1890 345 1933 ccxxxrr
364 1865 488 1944 ostendi,
509 1870 556 1927 uix
575 1869 722 1946 quicquam
734 1870 800 1947 est,
829 1872 897 1950 quin
914 1890 933 1930 a
951 1871 1068 1935 Graecis
1086 1875 1245 1954 proiectum

26 1952 39 2011 ſs
146 1966 296 2027 uisdmari
314 1965 413 2044 possit,
432 1974 545 2042 praeter
563 1962 675 2042 quidem
694 1962 785 2042 ipsum
804 1981 916 2026 nomen.
956 1968 1018 2026 Hoc
1035 1966 1177 2028 difficilem
1197 1985 1246 2028 ex·

25 2046 27 2051 ⁴
111 2039 113 2045 s
146 2059 280 2142 plicatum
299 2058 402 2118 habeta
422 2055 498 2136 apud
511 2056 626 2115 Festum
640 2073 671 2133 p.
684 2054 751 2131 158,
765 2060 804 2115 30
817 2059 883 2134 sim,
902 2078 933 2137 p.
945 2062 1012 2135 161,
1024 2057 1044 2117 5
1057 2058 1134 2120 dext.
1155 2061 1253 2121 dedu·'

5 2158 11 2181 “
148 2153 221 2212 citur
238 2170 256 2212 a
274 2171 367 2223 murro,
386 2151 406 2210 i.
421 2170 448 2214 e.
467 2151 552 2226 bono,
572 2159 621 2208 aut
639 2167 657 2208 a
675 2157 795 2210 maturo.
834 2152 966 2211 Notabile
988 2151 1135 2212 admodum
1155 2166 1200 2214 est
1219 2159 1247 2216 in

16 2245 20 2256 “
66 2233 72 2243 ’
148 2247 247 2304 ritibus
264 2247 348 2304 sacris
360 2240 499 2304 ¹Romanis
519 2244 586 2302 nihil
605 2241 695 2317 tradi,
720 2245 796 2323 quud
815 2245 852 2304 ad
871 2246 1060 2306 Leucotheam
1077 2248 1248 2308 maritimam

150 2337 233 2396 deam
251 2338 348 2397 referri
366 2337 504 2417 postulet,
526 2337 619 2394 omnia
637 2335 674 2393 ad
694 2337 859 2397 Bacchicam
879 2340 1041 2417 religionem·
1056 2348 1116 2399 esse
1133 2358 1249 2400 accom-

150 2414 280 2488 modatas
307 2432 383 2489 nulla
402 2433 485 2490 etiam
504 2429 666 2488 Latinorum
685 2430 767 2502 urbs,
786 2450 859 2510 quae
876 2433 1014 2491 Matutam
1032 2434 1134 2511 coluit,
1153 2453 1249 2514 neque

150 2521 302 2598 Satricum,
315 2523 383 2583 ’1.15.
402 2526 433 2599 6,
450 2527 498 2595 33,
517 2541 609 2601 neque
628 2523 713 2599 Cora,
734 2523 823 2585 Orell.
843 2527 925 2588 inser.
946 2529 1032 2604 1501,
1052 2546 1129 2588 mara
1147 2531 1249 2607 attigit.

135 2597 237 2674 'astro
254 2615 338 2693 igitur
356 2623 399 2673 est
417 2615 572 2674 existimare
586 2614 737 2674 Bacchicas
755 2620 916 2679 cerimonias
935 2639 970 2679 eo
988 2630 1116 2700 tempore
1134 2642 1249 2683 mmano

151 2707 257 2765 numini
276 2707 425 2778 obductas,
449 2728 506 2787 quo
525 2707 711 2767 Bacchanalia
729 2717 790 2770 totu
808 2715 898 2774 115115
916 2715 1096 2796 iampridem
1114 2726 1180 2776 ante
1199 2736 1250 2776 an·

152 2817 219 2859 555
233 2800 270 2859 V.
285 2800 320 2859 C.
334 2800 391 2860 566
408 2809 480 2878 teste
497 2801 640 2860 Postumio
659 2805 773 2862 consule
791 2808 867 2884 apud
885 2809 995 2867 Liuium
1017 2811 1118 2884 39,15
1137 2811 1249 2889 ingrue-

152 2902 226 2952 rant.
264 2880 373 2951 Eodem
391 2901 518 2972 tempore
533 2893 669 2954 Stimulae
688 2915 790 2957 numen
809 2902 1005 2980 interpolatum
1022 2921 1083 2962 essa
1101 2904 1189 2982 paulo
1207 2906 1249 2963 in·

153 2985 240 3045 iarius
259 2985 479 3069 demonstrabo,
499 2986 536 3046 de
554 2987 634 3048 Bona
653 2980 706 3048 dea
724 2991 796 3050 idem
816 2997 949 3075 suspicari
966 2997 1068 3056 licebit.
1107 2998 1194 3067 Quod
1214 2998 1250 3057 ad

151 3077 330 3147 Leucotheae
350 3097 452 3138 numen
470 3081 606 3140 marinum
625 3083 733 3160 attinet,
752 3086 780 3144 id
801 3087 905 3166 aliquot
923 3091 1038 3148 saeculis
1057 3091 1250 3151 5515015555-

152 3190 219 3230 nem
237 3173 325 3231 Tusa.
341 3179 370 3248 1,
381 3179 428 3244 12,
438 3177 477 3232 28
496 3182 526 3233 et
543 3176 696 3235 Varronem
716 3178 792 3256 apud
811 3184 928 3260 August.
946 3202 972 3243 c.
986 3184 1014 3242 d.
1036 3186 1135 3259 18,14
1154 3197 1250 3244 notum

150 3263 237 3324 fuisse
254 3265 337 3324 facile
355 3268 554 3342 concesserim,
582 3271 685 3329 cultum
703 3269 789 3332 fuisse
813 3273 924 3353 publice
944 3294 1059 3348 uereor,
1085 3287 1118 3335 ut
1135 3280 1251 3355 probari

151 3357 248 3434 possit.
285 3357 351 3416 Non
370 3368 413 3418 est
430 3361 588 3440 negandum
614 3362 679 3423 inde
703 3365 739 3422 ab
758 3385 831 3425 anuo
850 3369 885 3428 V.
905 3369 940 3428 C.
960 3370 1015 3426 443
1035 3371 1095 3429 siue
1112 3373 1172 3429 437
1189 3388 1250 3431 rem

151 3450 317 3508 maritimam
335 3451 525 3514 Romanorum
545 3477 579 3517 eo
599 3459 712 3517 numine
730 3458 889 3537 indiguisse,
909 3463 966 3521 uid.
981 3452 1044 3522 Liu.
1056 3467 1086 3539 9,
1097 3468 1144 3535 30,
1164 3464 1251 3526 Nieb.

151 3542 182 3602 h.
194 3541 232 3601 tt.
245 3547 275 3619 3,
295 3562 324 3621 p.
334 3548 407 3604 2825
426 3564 518 3625 neque
536 3551 630 3610 illicita
647 3551 722 3610 foret
740 3555 897 3614 coniectura
913 3558 1023 3615 Atilium
1038 3557 1177 3636 Regulum
1190 3560 1253 3618 Ma·

152 3644 231 3694 tutae
249 3637 371 3695 marinae
390 3641 523 3717 templum
543 3645 662 3720 uouisse,
683 3644 747 3704 uide
760 3665 846 3725 supra
859 3670 889 3728 p.
903 3669 976 3710 uxr..
1008 3651 1068 3710 Sed
1088 3654 1252 3713 certioribus

153 3745 226 3804 opus
245 3737 287 3786 est
305 3732 485 3807 argumentis,
504 3751 577 3810 quae
596 3737 748 3809 uideamus,
767 3759 834 3799 num
854 3761 888 3801 ex
906 3763 941 3803 eo
959 3745 1019 3823 peti
1038 3745 1155 3821 possint,
1176 3746 1253 3822 quod

16 3814 19 3819 ’
102 3825 105 3830 ’
152 3817 279 3878 Matutae
303 3820 375 3881 filius
400 3823 541 3884 Portunus
564 3827 663 3888 dicitur
688 3830 764 3910 apud
784 3833 917 3896 Ouidium
935 3840 965 3914 6,
984 3839 1042 3897 537
1059 3857 1121 3917 sqq.
1162 3840 1254 3899 Huius

153 3908 200 3987 dei
218 3913 318 3990 triplex
336 3913 389 3975 luit
407 3918 581 3981 existimatio.
614 3924 708 3983 Prima
727 3929 1008 4009 graecanica„qualis
1027 3942 1070 3991 est
1089 3932 1167 4010 apud
1182 3933 1255 3992 Oui·

154 4001 231 4062 dium
250 4005 270 4062 l.
289 4005 359 4084 ind.,
381 4009 524 4088 Virgilium
537 4029 593 4089 ge.
613 4023 644 4094 l,
662 4023 731 4097 437,
756 4020 826 4080 Aen.
845 4020 875 4097 5,
893 4025 962 4099 823,
988 4024 1035 4082 ubi
1059 4036 1122 4084 cum
1141 4027 1255 4087 Glauco

149 4096 345 4179 110ὓῖ5181161,
371 4104 522 4166 61110δὶ1161
539 4109 571 4185 ὅ,
589 4111 640 4185 23,
664 4108 832 4175 Mmtianum
851 4115 996 4195 Capellam
1014 4123 1045 4196 l,
1062 4122 1095 4198 4,
1120 4121 1170 4180 ubi
1188 4140 1255 4183 cum

54 4238 91 4288 r..
691 4265 697 4271 ,
