2550 4574
133 233 178 289 ω
277 302 283 307 1
622 229 668 280 66
688 228 762 280 nara

212 384 391 456 Herculeo
409 382 458 445 uel
475 381 593 445 mamma
608 378 677 442 dena
694 382 846 453 communia
860 379 993 442 dicendur
1009 377 1064 441 fuit
1080 381 1234 444 ”mudum

137 481 205 547 161
224 491 254 544 61
271 482 379 559 reliqua
395 494 468 559 quae
485 495 521 538 66
539 477 602 535 1666
614 475 729 536 Semina
747 474 879 553 disputat.
917 473 960 534 Ad
978 473 1015 533 fr.
1030 480 1067 533 11
1086 475 1235 538 couteren-

138 575 194 638 dnr
218 574 293 635 idem
316 581 360 634 ert
384 571 422 632 ud
439 571 509 631 Aen.
527 572 646 646 162066
675 567 761 635 Soloe
780 571 894 628 Verrier
911 567 1029 627 Floooer
1046 566 1114 628 dicit
1134 564 1236 632 uon-

137 687 206 731 m
228 666 319 742 [61666
335 670 475 746 pociorem
492 680 657 740 magnonem
673 664 777 721 cicietur
797 663 846 738 qai
866 662 968 722 116666
989 657 1117 738 offleii,
1142 681 1237 723 66666

139 769 232 823 mern
246 775 411 838 mopaonan
421 757 524 816 6161666
538 754 613 834 opud
627 760 732 815 666666
743 754 876 815 11666166
890 754 987 814 diotoc.
1015 753 1236 814 Faleum'durel.

139 853 281 918 monem
300 872 326 912 c.
341 854 361 911 6
384 850 422 910 de
438 850 585 909 Recarem
612 867 669 907 non
696 848 780 908 credo
808 846 974 908 audiendum
1001 864 1071 906 eece.
1109 845 1155 905 Ile
1177 848 1237 907 eiuc

138 948 258 1010 numinis
275 946 396 1006 Romam
410 936 593 1002 'trumlatlnue
617 941 670 1000 rub
692 943 856 1021 cognomine
873 944 1026 1000 numano
1044 948 1074 999 et
1096 938 1236 1016 06616616,

140 1039 202 1103 06.
219 1040 332 1116 6,794;
351 1039 421 1114 209,
438 1036 544 1096 nullum
562 1042 606 1094 ert
623 1035 776 1112 negotium.
801 1035 956 1093 Eumenius
975 1033 1115 1092 rhetorio
1133 1050 1237 1112 paneg.

140 1151 195 1215 pro
213 1140 333 1193 remu.
350 1130 437 1192 661161.
457 1149 482 1188 6.
495 1133 525 1188 7.
544 1127 591 1188 ed.
610 1127 731 1188 0611666
744 1127 877 1191 ,Feltria
897 1125 945 1185 ille
962 1122 1090 1187 11611116·
1105 1151 1149 1174 ν·-
1164 1122 1238 1206 qlod

140 1229 173 1287 ln
192 1227 315 1286 arneto
332 1243 394 1285 cant
410 1229 482 1283 aaut
499 1224 657 1300 inpunita,
676 1226 817 1300 66666661
829 1218 973 1280 numum
985 1221 1153 1296 Maaopatar
1169 1238 1238 1293 aaa,

141 1316 173 1379 id
195 1323 237 1377 art
260 1319 384 1378 comitant
406 1315 551 1392 noanon
567 1317 728 1373 Mororum.
767 1311 915 1372 Herculem
934 1309 1085 1371 conadam
1108 1313 1138 1372 in
1164 1315 1238 1374 circo

140 1411 279 1471 Flaminio
298 1408 454 1490 putauerim
473 1423 535 1466 eane
552 1407 725 1466 Graecorum
740 1395 935 1484 Παραςάτην
953 1404 983 1462 16
1001 1400 1163 1483 gymnasiis,
1178 1407 1238 1467 uid.

141 1502 264 1564 Poman.
277 1504 307 1577 0,
325 1507 357 1579 6,
376 1508 410 1578 ¹3
430 1502 476 1571 14,
494 1502 529 1575 73
548 1501 577 1571 6,
595 1504 688 1569 266.
727 1497 793 1557 Nou
812 1499 885 1559 male
903 1498 976 1558 enim
994 1501 1145 1561 conuenire
1160 1519 1238 1577 reor,

142 1595 220 1678 quod
238 1595 350 1657 666666
368 1612 403 1652 ex
422 1592 465 1652 hic
482 1592 550 1652 lucia
567 1593 591 1651 ia
606 1590 739 1651 Herculea
752 1592 851 1652 ldaeua
869 1592 1001 1668 traditur,
1018 1592 1167 1653 Herculem
1179 1595 1239 1654 Co·

143 1688 253 1749 alodem
272 1707 341 1748 uero
360 1704 396 1747 ex
413 1686 546 1744 librorum
565 1683 762 1762 Sibyllinorum
782 1687 947 1747 auctoritate
966 1696 1156 1747 concertatum
1174 1688 1240 1748 dicit

144 1780 265 1844 Ouidius
283 1802 313 1841 u.
328 1783 395 1840 210.
432 1778 546 1838 Idaeum
563 1777 636 1838 enim
652 1778 798 1839 Herculem
817 1781 853 1840 ad
868 1779 1001 1857 Sibyllam
1020 1798 1104 1858 quarn
1121 1782 1241 1840 maxime

143 1874 285 1956 pertinere
296 1871 407 1934 memini
420 1870 520 1930 docere
534 1871 710 1931 Clauseninm
725 1890 755 1949 p.
766 1877 817 1948 22,
830 1877 898 1948 297,
908 1876 975 1935 261.
1001 1872 1092 1933 Multo
1104 1873 1242 1933 difficilior

70 2038 72 2047 y
145 1975 189 2027 eat
206 1985 251 2026 rec
270 1964 307 2027 de
324 1968 357 2026 iic
374 1965 507 2041 saeculis,
530 1966 629 2046 quibus
652 1972 784 2025 externae
807 1967 955 2043 religionen
972 1985 1029 2026 uon
1047 1965 1174 2048 integrae
1191 1985 1241 2026 aa·

118 2130 121 2137 ,
144 2069 275 2141 eumptae
291 2069 367 2136 aunt,
385 2059 434 2118 ned
454 2060 533 2139 quati
551 2060 723 2136 irrepserunt
740 2057 768 2115 in
788 2061 961 2120 uernacular.
972 2062 975 2067 '
987 2058 1058 2118 Nou
1074 2059 1241 2120 6666666161

75 2184 91 2232 g
118 2158 122 2163 '
144 2171 240 2235 pocae,
258 2154 333 2229 unde
350 2154 521 2232 potissimum
536 2152 663 2211 Herculia
681 2151 783 2227 cultus,
801 2152 850 2229 qui
869 2170 980 2212 omnem
991 2151 1181 2211 Romauunrm
1198 2155 1242 2211 ui·

145 2246 244 2315 cloiam
263 2245 438 2325 oppleuerat,
457 2246 575 2306 Romam
594 2245 748 2304 deuanerit.
785 2245 898 2305 Romuli
917 2254 1010 2305 aetate
1026 2242 1136 2303 6116116
1154 2253 1242 2303 tenta·

145 2345 194 2396 tor
211 2339 282 2415 Aug.
299 2357 324 2398 c.
338 2337 367 2398 d.
386 2342 474 2417 1,29.
512 2341 605 2418 lpnum
626 2356 726 2397 nomen
745 2356 835 2417 aeque
854 2346 930 2396 recte
948 2356 966 2396 e
983 2352 1108 2409 aermnae
1120 2337 1241 2403 Etrusco

145 2445 181 2488 ac
198 2427 292 2500 Siculo
312 2449 394 2508 pocae
413 2432 532 2491 deriuari
551 2433 663 2510 egregie
681 2431 775 2491 docuit
796 2431 834 2493 Ο.
848 2432 999 2490 Muellerus
1017 2431 1123 2505 Etr.2,
1142 2450 1173 2509 p.
1184 2434 1242 2490 279

147 2525 280 2581 66647.
308 2523 386 2582 Idem
405 2525 443 2583 ib.
463 2544 493 2603 p.
507 2526 545 2583 75
564 2527 591 2583 in
611 2526 723 2583 Etruria
747 2534 844 2583 nutum
862 2524 948 2584 fuisse
966 2523 1049 2583 deum
1068 2523 1243 2582 demonstra-

145 2613 199 2674 uit.
235 2614 267 2673 In
287 2615 400 2674 Corsica
419 2618 543 2677 Herculia
562 2636 641 2676 caera
660 2616 744 2677 fuisse
763 2625 901 2677 tentantur
918 2616 1022 2676 Strabo
1041 2618 1073 2693 5,
1091 2623 1124 2692 2,
1144 2637 1174 2696 p.
1185 2620 1239 2674 963

148 2705 454 2777 Tauclrn.,1'ausaniao
473 2712 581 2780 10,17.
619 2709 724 2767 ibidem
743 2710 809 2788 quia
827 2719 899 2769 teate
910 2711 1034 2769 Timaeo
1052 2711 1128 2788 apud
1144 2713 1242 2772 Taele.

147 2796 186 2857 iul
204 2798 345 2879 Lycoplrr.
365 2803 422 2859 796
445 2801 492 2859 lilii
520 2810 649 2878 parentes
672 2804 898 2878 septuagenarios
921 2797 1000 2879 πρὸς
1024 2793 1148 2877 ἀχανεῖς
1171 2821 1243 2880 κρη-

69 2879 71 2883 ⁴
147 2884 246 2969 μνοῦς
269 2879 487 2963 κατωθοῦνίες
510 2902 667 2953 mactarunt
686 2895 826 2970 Saturno,
848 2894 913 2954 inde
935 2904 1014 2974 patet
1036 2897 1066 2954 in
1089 2899 1243 2975 Argeorum

147 2986 316 3045 cerimoniae
333 2987 528 3066 explicatione,
546 2984 604 3046 Ou.
619 2986 651 3061 5,
664 2989 733 3063 629,
752 2989 799 3066 qui
812 2989 961 3048 Herculem
979 2987 1177 3067 adhibuerunt,
1196 2992 1244 3049 ali·

147 3088 253 3158 quanto
269 3080 353 3138 etiam
367 3080 500 3139 eruditius
512 3098 571 3138 rem
590 3080 713 3156 gentisne,
733 3099 816 3159 quam
831 3082 967 3160 opinabar
984 3099 1068 3159 cupra
1086 3076 1116 3162 p.
1127 3101 1243 3142 ccxxii

146 3171 197 3230 ned
222 3181 317 3232 tamen
339 3172 423 3232 nihilo
446 3173 533 3250 magio
557 3181 667 3231 constat
685 3173 809 3232 Saturno
832 3174 861 3232 id
885 3188 995 3233 sacrum
1013 3174 1122 3236 Romae
1139 3176 1245 3235 factum

146 3278 219 3322 eane.
257 3264 302 3323 De
320 3265 465 3345 Campano
485 3264 607 3323 Remulo
626 3265 711 3323 uadit
729 3266 846 3325 Seruius
862 3266 898 3325 ad
917 3267 987 3325 Aen.
1002 3269 1115 3343 631073
1136 3271 1168 3342 7,
1177 3271 1245 3344 662,

146 3355 224 3414 unde
242 3356 279 3416 ad
291 3357 415 3416 Euandri
431 3368 460 3418 et
477 3359 632 3417 Carmentis
648 3347 784 3435 fabulam,
804 3358 862 3420 Ou.
875 3366 904 3436 1,
915 3359 973 3417 ute
986 3378 1048 3438 aqq.
1067 3364 1098 3435 6,
1107 3361 1247 3439 619666,

146 3449 296 3509 6666661666
314 3451 402 3509 uideri
421 3453 570 3510 Herculem
592 3451 677 3528 paolo
688 3441 690 3444 ’
701 3460 766 3510 anta
785 3454 889 3512 monui.
927 3453 1032 3511 Verum
1052 3454 1247 3533 1166661671-

146 3541 232 3599 ctorin
250 3560 351 3619 magna
368 3543 423 3603 init
441 3553 471 3603 et
488 3544 600 3622 publica
619 3553 649 3603 et
663 3553 785 3604 'uetusta
804 3547 915 3624 religio,
941 3563 1024 3624 quam
1044 3535 1099 3605 nou
1119 3556 1162 3606 eat
1179 3566 1248 3625 pro·

147 3633 243 3693 babile
267 3643 384 3713 propter
409 3635 476 3693 Caci
505 3636 629 3694 iabuilam
654 3638 808 3698 Cumanam
832 3638 919 3699 161666
945 3641 1107 3704 institutam.
1150 3641 1248 3700 Feriaa

148 3727 208 3786 eiua
234 3729 260 3785 ai
285 3736 362 3786 recte
387 3726 499 3786 tradidit
517 3727 612 3804 Lydus
631 3728 668 3789 de
687 3748 775 3790 mena.
795 3733 826 3807 4,
840 3733 878 3790 46
896 3751 925 3792 6.
944 3732 974 3792 6.
993 3733 1031 3792 111
1049 3733 1127 3793 Ν66.
1145 3735 1248 3813 durii,

46 3856 49 3861 .
149 3816 268 3878 Ouidius
287 3819 487 3896 praetermisit,
511 3839 664 3898 cognomen
682 3834 849 3902 perpetuum
868 3825 967 3896 (Sem.
985 3825 1023 3885 ad
1041 3830 1113 3888 Aen.
1132 3830 1163 3903 8,
1179 3831 1248 3899 209,

149 3911 222 3986 662)
242 3912 385 3989 usurpauit
398 3910 551 3970 secundnm
570 3913 655 3973 libror
670 3918 788 3995 optimo·
803 3923 832 3994 1,
843 3920 912 3978 662.
942 3918 1012 3977 Eius
1024 3919 1141 3978 neminie
1159 3920 1250 3979 altera

33 4046 36 4052 ·
149 4011 194 4064 ert
213 4004 392 4083 significatio,
415 4022 500 4083 quam
519 4008 665 4084 usurpauit
682 4008 799 4068 Plautus
816 4010 954 4089 Amphitr.
972 4012 1046 4091 prol.
1065 4010 1115 4070 lin.
1137 4020 1167 4072 et
1185 4012 1251 4070 illu·

148 4095 350 4158 6666118666.
369 4095 408 4158 ad
425 4098 496 4159 den.
515 4100 644 4178 10,409,
669 4099 719 4161 nbi
741 4121 807 4164 cum
831 4104 923 4166 uerbia
942 4103 1101 4185 vigilium
1119 4103 1251 4166 conferet
