2550 4574
158 257 224 330 im
584 279 826 329 aasuoava

202 433 342 515 Tempus
361 431 443 497 idem
455 433 565 498 Stator
585 433 675 500 aedis
695 435 802 518 habet,
823 453 916 520 quam
929 436 1089 509 domim
1102 443 1172 511 oii-
1186 450 1235 512 '785

245 535 331 598 Ante
351 533 483 600 Palatini
502 536 640 602 uendidit
659 557 714 604 ara
733 539 808 624 iugi.

202 740 266 803 Tot
284 748 405 804 restant
424 739 465 803 da
485 691 595 804 mensa
615 738 693 825 dies,
715 750 792 825 quat
811 741 935 806 numina
951 743 1075 830 Parm's,

243 841 325 906 Cum
346 842 420 908 data
440 852 513 908 suut
532 843 662 909 trabeae
682 846 806 929 templa,
828 843 971 929 Quirine*
986 857 1075 916 tm,

200 1044 340 1127 Tempus
360 1047 456 1110 Iuleis
475 1067 546 1112 eras
567 1057 621 1111 est
640 1047 919 1132 natue'uuendis,

241 1146 396 1231 Pierides,
422 1149 545 1235 saeptis
570 1149 682 1215 addite·
697 1170 821 1216 summa
840 1153 928 1216 meis.

76 1316 79 1321 ,
198 1247 320 1332 Dicite,
339 1252 497 1335 Pieridas,
523 1250 595 1335 quis
614 1273 674 1319 uas
696 1252 871 1319 adiunxerit
891 1252 957 1338 isti,

241 1351 303 1416 Cui
322 1353 408 1418 dedit
423 1351 544 1418 inuitas
562 1356 649 1420 38333
668 1374 805 1422 nouerea
824 1372 956 1421 manus..

197 1453 254 1519 sio
275 1475 346 1540 ego.
376 1458 425 1521 sie
440 1455 526 1521 clio.
557 1459 633 1520 elari
653 1460 844 1523 monimenta
863 1457 999 1542 Philippi
1123 1508 1127 1517 .
1169 1440 1176 1453 ⁸

238 1558 375 1642 Aspicis.
402 1559 486 1623 unde
506 1560 602 1624 trahit
619 1562 740 1626 Mareia
760 1571 855 1628 easta
871 1566 989 1646 ganas,
1120 1564 1125 1575 '

194 1659 330 1743 Mareia,
352 1661 495 1729 saasidda
516 1661 685 1728 deductum
704 1680 819 1729 minen
846 1665 886 1730 ab
905 1665 1008 1739 Asea

236 1766 273 1827 In
293 1783 355 1846 qua
374 1785 430 1848 par
449 1766 551 1830 facies
571 1766 733 1831 nobilitata
752 1786 822 1848 sua,
901 1787 904 1791 ·

92 1892 96 1901 ·
194 1865 258 1929 Par
276 1864 378 1929 auimo
400 1887 523 1950 quoque
543 1866 642 1931 forma
661 1887 721 1932 sua
740 1865 920 1951 despondet
945 1868 979 1932 ia
997 1868 1054 1932 illa
1118 1873 1123 1907 ³

236 1969 281 2032 Et
301 1987 404 2052 genus
424 1978 458 2033 et
476 1968 577 2035 faeiea
593 1972 814 2056 ingeniumque
834 1970 934 2035 simul.
962 1992 965 1997 ·

191 2071 264 2136 Nee
284 2072 368 2155 quod
387 2071 551 2138 laudamus
569 2072 711 2159 formam,
731 2083 796 2140 tam
816 2059 907 2157 ⁴turpe
927 2074 1067 2157 putaris:

231 2173 411 2240 Laudamus
430 2194 563 2261 magnas
584 2177 646 2241 hae
668 2196 793 2262 quoque
812 2185 905 2260 parta
926 2177 1016 2241 deas.
1119 2180 1124 2233 ἰ
1183 2180 1231 2237 80⁰

186 2344 255 2404 785.
275 2347 359 2403 Tune
377 2346 449 2404 idem
466 2350 501 2404 Β.
531 2351 589 2420 itu,
609 2359 696 2406 stator
708 2347 783 2406 aedis
797 2347 895 2420 habet,
913 2347 1059 2404 3342833
1073 2344 1141 2417 du03
1159 2361 1233 2422 paea

149 2438 203 2478 333.
233 2422 271 2477 id.
291 2423 399 2479 statoris
419 2423 503 2481 habet
522 2421 859 2502 DEma.pr.GXZur.
893 2425 932 2480 id.
953 2424 1066 2480 statoris
1086 2423 1166 2480 adest
1183 2421 1233 2478 dai.

149 2495 189 2552 id.
210 2507 331 2555 staturus
350 2500 403 2555 erit
423 2501 468 2555 14.
508 2503 618 2558 statoris
643 2513 703 2559 erat
728 2519 818 2559 3333..
853 2500 964 2558 statoris
984 2501 1039 2556 etit
1062 2503 1162 2558 333343τί
1180 2499 1235 2556 eiii

149 2588 207 2630 mu.
218 2592 271 2631 333.
298 2579 363 2644 diu,
383 2593 482 2650 quam,
500 2580 605 2652 28333
624 2597 716 2654 puer.
730 2596 784 2636 333.
821 2596 904 2654 quem
930 2573 970 2634 Ψ.
1007 2575 1128 2653 quaes.
1166 2592 1235 2652 quae,

149 2651 214 2726 quia
234 2649 299 2709 bini.
328 2671 383 2729 quo
402 2669 484 2708 3333.
513 2653 588 2729 quod
608 2657 716 2713 caetui.
748 2673 818 2711 rom.
839 2655 912 2710 idem
935 2655 958 2711 G
970 2670 1035 2711 aar.
1049 2672 1104 2711 333.
1180 2652 1234 2708 788.
1269 2690 1271 2703 .

149 2725 269 2786 concidit
286 2725 333 2788 A.
350 2745 413 2787 'ora
432 2729 492 2805 rugi
513 2734 547 2791 Τ.
623 2735 690 2790 787.
715 2749 790 2788 nom.
813 2732 897 2807 partis
920 2726 960 2787 d).
1018 2730 1105 2787 arihis
1124 2725 1160 2785 N
1163 2725 1201 2802 23
1217 2722 1237 2782 P

148 2798 258 2862 11333.
269 2824 324 2865 sar.
400 2808 467 2867 788.
494 2806 613 2864 Condita
632 2819 696 2864 suut
718 2803 784 2864 a}
794 2815 861 2866 3333.
892 2807 963 2864 Cum
984 2749 1051 2881 dita
1071 2807 1184 2863 tarbeae
1205 2799 1234 2861 Ψ.

148 2879 214 2938 data
232 2885 288 2940 sint
308 2884 370 2940 BG
385 2881 449 2940 duo.
484 2893 548 2940 sunt
567 2886 648 2941 turbe
667 2889 761 2943 Eme.
773 2901 818 2962 pa.
830 2902 846 2941 a
857 2891 922 2941 tres.
958 2893 1025 2940 suut
1044 2885 1162 2940 umbrae
1183 2881 1233 2938 dae.

147 2960 221 3017 trab.
238 2978 324 3038 regua
342 2964 424 3017 33833.
455 2959 548 3018 Gioaa.
563 2966 605 3020 E:
623 2962 674 3018 tibi
688 2963 824 3018 trabeato.
899 2961 967 3020 789.
987 2959 1096 3034 hyuieis
1109 2964 1234 3034 Emupr.

148 3036 202 3095 eal.
220 3055 244 3095 3.
321 3040 388 3097 790.
408 3036 541 3112 Pyerides
560 3042 595 3096 E.
625 3039 711 3115 ceptis
732 3040 802 3095 DE.
879 3039 946 3096 791.
966 3035 1075 3093 Discite
1087 3035 1137 3094 A.
1168 3052 1234 3111 pyer.

146 3118 183 3175 Ε.
234 3116 283 3172 ier.
325 3116 350 3170 ui
371 3133 420 3171 uos
444 3110 555 3173 (ι’ΦΝ.
586 3114 651 3191 quid
673 3133 722 3172 uos
739 3111 807 3187 Af.
835 3117 893 3183 liu,
913 3111 1070 3186 adduxerit,
1093 3111 1236 3170 uuum

149 3188 182 3250 Φ
228 3189 270 3252 M
275 3133 384 3250 qu}
390 3189 534 3266 Tymma.
542 3209 586 3267 pr.
596 3192 677 3248 3344
688 3190 814 3249 tredecim
827 3197 854 3247 et
867 3196 933 3247 aeid.
946 3188 989 3247 ad.
1026 3189 1184 3246 adiunxerit
1199 3189 1236 3263 33

147 3277 279 3346 quadum
298 3271 333 3327 N
340 3287 403 3326 aar.
415 3285 470 3325 333.
500 3269 663 3325 adiunxerat
681 3267 797 3326 Paliae.
828 3267 945 3323 edixeris
963 3284 988 3323 3.
1023 3265 1164 3322 addixerit
1181 3281 1236 3321 333-

147 3350 209 3404 4338.
238 3348 274 3404 ad
293 3347 331 3403 iili
349 3365 382 3423 p3
405 3347 564 3403 0333333.
594 3344 659 3402 add.
680 3346 740 3402 istie
763 3341 934 3418 anawor.
965 3341 1001 3399 ad
1021 3343 1095 3400 istuc
1115 3338 1234 3398 turae

147 3425 188 3480 44
200 3441 264 3495 aeu3
283 3427 382 3481 Puer.
393 3440 447 3479 333.
479 3421 605 3478 adiistis
623 3438 782 3497 pitanam
813 3419 878 3477 add.
893 3419 961 3476 idue
978 3418 1105 3477 3333331.
1179 3419 1237 3475 792.

146 3500 219 3558 Cum
238 3520 262 3559 3.
291 3500 355 3557 ded.
372 3497 488 3556 inuictus
508 3494 901 3574 EGMAeyma.aee.mpr
919 3494 1101 3571 3331338983ιί.
1177 3495 1235 3551 798.

145 3594 268 3634 monum.
289 3570 454 3635 Heinsiani?
534 3577 602 3634 794.
622 3593 666 3652 aq.
685 3575 786 3631 Martia
805 3572 869 3631 iibri
886 3575 1022 3649 3333393,
1047 3591 1119 3650 quoa
1137 3571 1236 3648 ³04,ss

149 3648 204 3711 da?
217 3649 291 3712 '1¹³3
304 3653 369 3722 aliu.
453 3651 522 3712 795.
548 3652 629 3709 Antia
647 3667 802 3728 9333333.
841 3667 912 3706 sacr.
928 3666 1028 3705 nomeu
1049 3648 1198 3706 deductum
1214 3663 1234 3702 3.

118 3728 120 3731 ’
150 3730 244 3790 94333.
259 3735 299 3790 E:
319 3732 380 3787 Hae
398 3727 451 3787 suit
471 3747 540 3786 uxor
558 3730 670 3785 maximi
693 3729 721 3784 iu
746 3728 824 3783 cuius
849 3725 932 3782 domo
958 3724 1077 3784 educata
1104 3726 1160 3783 fuit
1177 3739 1236 3780 uxor

46 3798 50 3803 ¹
146 3809 243 3866 ouidii.
319 3809 387 3865 796.
406 3824 462 3883 qua
481 3823 546 3884 pars
569 3802 641 3864 du.
670 3822 723 3883 par
741 3802 970 3861 facienobditate
992 3798 1167 3860 (93333333.
1194 3816 1236 3854 uo·

145 3882 252 3943 uilitate
270 3883 325 3942 suit
342 3885 418 3941 MN
428 3889 498 3941 aeia.
526 3883 611 3940 nobil.
631 3883 673 3940 sui
692 3880 717 3938 b.
749 3897 801 3937 sua
819 3889 863 3936 est
880 3873 941 3936 ΕΡ
949 3874 1024 3954 Ψ39
1036 3882 1134 3950 2)383
1148 3884 1213 3936 osia.

184 3965 251 4022 797.
270 3965 364 4022 idaei
377 3958 627 4035 audiamini
647 3958 791 4017 3338338833
809 3955 904 4014 didiae
922 3954 970 4013 aed
980 3974 1095 4032 33333.
1116 3959 1147 4013 ia
1165 3968 1237 4011 mur-

144 4042 209 4113 9833
226 4039 358 4116 33338383
376 4034 409 4092 de
429 4029 462 4092 Φ
479 4037 567 4092 adens
582 4035 661 4110 [uidi
680 4038 779 4094 Bam.
812 4031 882 4091 Pars
902 4027 1005 4089 ama.
1018 4050 1062 4111 pr.
1103 4027 1238 4109 respondit

149 4110 621 4190 summissurudiquoa
697 4113 764 4174 798.
789 4109 829 4168 Et
848 4127 917 4187 gens
935 4125 1018 4168 3333.
1096 4111 1165 4170 799.
1183 4104 1238 4163 Nee
