2550 4574
543 200 696 248 resecare
1040 180 1171 256 'ccxxxi

67 375 103 415 eo
122 354 252 432 coniungi
271 352 352 411 solita
370 361 422 424 est,
441 351 503 413 Lua
519 353 586 429 luit,
603 350 661 412 uid.
682 352 758 412 Gall.
775 355 823 427 13,
831 357 886 428 23,
905 352 997 414 Varro
1012 352 1167 436 (18118,

44 486 49 495 =
67 454 115 508 35.
152 451 233 506 llauc
246 447 337 505 Varro
355 457 432 506 certe
450 466 552 506 nomen
571 446 674 505 lsabcre
693 465 710 504 a
730 445 813 503 lumb
831 446 921 523 potuit
939 447 1087 526 conlisere,
1106 452 1164 513 nirl.

66 544 104 602 de
122 544 144 602 l.
159 543 178 601 l.
192 543 307 617 5,13Ὶε
327 559 380 599 uec
398 541 479 600 aliter
496 540 651 615 statuerim,
672 558 734 598 cumr
753 536 828 617 quod
849 539 938 597 iustae
955 541 1098 620 audogias
1113 544 1165 605 dc-

65 636 158 710 cedit,
170 642 366 712 compensetur
380 652 444 692 meo
461 633 561 692 iudicio
577 651 712 710 generosa
730 633 776 690 illa
795 631 906 706 facetia,
925 651 990 691 mox
1003 637 1164 715 maimonis,

64 739 131 808 post
159 745 282 806 pugnam
305 744 383 786 arma
409 726 562 785 uerborum
585 745 639 805 per
664 742 792 805 campum
820 724 961 784 borresua
979 727 1059 787 Luae
1080 719 1164 790 ¹matri

64 821 257 894 enumerandi,
276 821 340 880 Liu.
354 825 425 896 8,1,
445 828 505 895 aut,
524 820 602 898 quasi
621 818 697 877 dumi
716 836 750 877 ac
767 827 859 877 seatm
878 820 960 878 excisi
978 833 1081 897 meent,
1100 843 1164 883 sno·

63 913 217 983 seniendi,
234 914 298 973 Liu.
318 915 370 988 45,
388 919 444 973 33,
476 915 538 972 Hoc
562 912 646 989 igitur
664 913 798 970 Sabinum
818 931 870 990 per
888 914 1006 973 deorum
1025 917 1163 976 existima-

63 1007 169 1068 uerimr
189 1006 342 1065 Saturnum
357 1026 425 1067 uero
440 1017 470 1066 et
481 1006 574 1084 Opem
586 1003 729 1078 Latinum,
747 1004 854 1083 dequo
872 1007 944 1068 infra
959 1008 1048 1086 leges,
1073 1010 1162 1069 Nam-¹

63 1117 120 1177 que
138 1108 286 1177 postquam
304 1102 351 1159 ille
371 1102 485 1160 nominis
500 1099 614 1159 Saturni
633 1098 791 1156 intellectus
810 1099 956 1174 obsoleuit,
976 1104 1047 1161 alter
1062 1102 1100 1163 de
1115 1099 1160 1177 aas

62 1194 141 1250 tione
159 1194 304 1268 increbuit,
323 1194 383 1252 fieri
402 1196 503 1272 potuit,
524 1202 555 1250 ut
573 1191 712 1250 Saturnus
730 1191 803 1249 idem
823 1191 973 1253 haberetur
991 1196 1083 1255 Sterci
1101 1180 1162 1258 due

60 1286 216 1361 Stercutio,
235 1285 295 1344 Pici
308 1288 393 1365 patri,
412 1287 459 1365 qui
478 1287 583 1364 primus
602 1286 690 1343 estin
709 1278 854 1343 stemmate
869 1303 965 1364 regum
979 1287 1160 1361 Laurentum.

60 1379 95 1436 ld
114 1398 183 1437 uero
206 1379 310 1437 lactum
334 1396 396 1437 esse
420 1382 501 1438 claris
527 1379 619 1437 uerbis
644 1396 679 1436 ex
698 1376 834 1438 Varronis
859 1378 895 1437 de
919 1389 1003 1457 gente
1028 1400 1096 1460 pop.
1115 1382 1158 1441 ro.

60 1472 135 1530 libro
154 1473 237 1530 tert'm
256 1472 340 1530 tradit
356 1475 523 1550 Augustinus
542 1471 579 1529 de
598 1490 623 1530 c.
639 1470 668 1529 d.
686 1472 781 1540 18,15
802 1480 831 1528 et
849 1471 1006 1531 Macrobius
1025 1478 1160 1549 satim
1245 1510 1250 1519 ·

59 1566 137 1626 merl.
155 1567 268 1626 Scilicet
288 1577 439 1624 sementem
465 1567 560 1624 lacere
583 1574 612 1623 et
630 1577 788 1622 stercorare
806 1581 888 1640 agros
913 1566 1004 1623 miuus
1028 1575 1094 1624 suut
1116 1566 1159 1625 ‹li-⁹

59 1675 154 1732 uersa,
173 1674 257 1735 quam
271 1658 440 1718 frumentum
454 1678 548 1718 serere
563 1668 592 1717 et
607 1658 720 1716 arbores
734 1666 843 1734 putare.
877 1657 934 1715 lam
946 1677 1014 1735 ergo
1028 1676 1159 1736 regnasse

58 1750 127 1808 olim
145 1751 174 1809 in
193 1762 268 1810 terra
286 1763 351 1811 ante
369 1752 479 1827 Picum,
496 1753 637 1824 Faunum,
654 1749 787 1807 Latinum
806 1768 886 1827 reges
905 1751 1024 1810 creditus
1043 1763 1086 1811 est
1102 1753 1157 1812 Sa·

57 1852 170 1918 turnus,
187 1861 279 1922 eaque
294 1844 364 1904 fides
379 1864 435 1904 nou
454 1837 537 1923 longe
552 1846 650 1904 aberat
666 1843 701 1902 ab
715 1842 865 1902 Euhemeri
881 1845 1050 1919 narratione,
1069 1862 1163 1924 aquo·

58 1953 175 1994 numum
193 1937 333 1995 saeculum
353 1955 409 1996 nou
429 1940 480 1996 sub
497 1939 552 1998 deo
565 1940 680 2013 Titane,
698 1937 749 1995 sed
767 1938 820 1996 sub
839 1955 906 2014 rege
919 1937 1045 1996 Cretensi
1059 1937 1165 2014 (serus

56 2029 129 2086 Aen.
141 2033 173 2104 8,
180 2025 251 2102 318)
270 2031 401 2089 traditum
408 2048 420 2090 τ’
435 2043 520 2110 atque
538 2033 608 2091 haec
625 2040 691 2089 sunt
704 2031 894 2090 Romanorum
906 2029 1037 2089 Saturnia
1056 2046 1157 2108 regnas

58 2121 132 2200 Opis
146 2124 348 2183 matrimonium
360 2126 499 2204 quomodo
517 2127 614 2184 initum
628 2142 689 2183 esse
707 2124 845 2197 uideatur,
863 2123 935 2180 infra
949 2122 1065 2181 dicetur.
1090 2122 1155 2182 Hoc

57 2214 114 2274 iam
137 2216 165 2274 iu
191 2215 372 2277 fundamento
397 2219 528 2297 quicquid
552 2219 659 2277 libitum
686 2226 729 2275 est
753 2217 962 2275 cerimoniarum
982 2201 1164 2293 graecarum,

57 2309 127 2367 strui
150 2319 276 2386 poterat:
302 2329 337 2370 ex
361 2313 461 2390 quibus
484 2331 545 2369 cum
566 2312 871 2381 Romanorumrursus
894 2301 1051 2388 peculiares
1067 2328 1164 2388 quae·-

56 2400 141 2476 uam,
163 2403 238 2462 uelut
256 2423 339 2483 quam
357 2406 394 2463 <le
414 2405 512 2482 legatis
531 2404 653 2480 gentium
673 2401 852 2479 suscipiendis
872 2413 1069 2461 commemorat
1086 2400 1154 2461 Plu·

57 2496 171 2553 tarclrus
188 2509 296 2576 quaea.
316 2516 359 2556 ro.
378 2500 434 2573 43,
458 2508 536 2555 ortae
560 2504 667 2565 essent,
695 2495 811 2571 postlsac
832 2497 923 2573 ipsum
940 2495 1155 2574 fundamentum
1254 2507 1258 2517 ’

57 2591 205 2664 abiectum,
223 2591 261 2649 <le
272 2591 386 2650 Saturni
404 2593 470 2650 naui
484 2591 606 2649 aduentu
626 2590 672 2647 illa
692 2589 846 2666 excogitata
865 2600 940 2665 suut,
961 2607 1033 2667 quae
1053 2587 1109 2647 Ou.
1123 2595 1153 2663 1,
1226 2656 1236 2671 ἡ

57 2685 223 2741 ean-atu
241 2694 393 2761 praeeunte
407 2686 519 2762 Virgilio
538 2684 610 2743 Asu.
624 2687 653 2755 8,
670 2687 727 2740 319
745 2683 856 2740 retulitr
875 2700 986 2741 causam
1005 2683 1153 2753 commenti¹

56 2789 126 2855 puto
146 2778 326 2856 ueriloquium
342 2782 432 2854 Latii,
452 2777 528 2858 quod
547 2778 672 2854 quamuis
686 2777 818 2834 Varronis
838 2795 892 2834 non
912 2777 947 2835 sit
966 2784 1037 2833 teste
1051 2775 1153 2834 Seruio

56 2869 93 2928 ad
113 2872 132 2929 Ι.
151 2870 221 2940 ind„
247 2891 301 2929 uon
321 2883 413 2930 tamen
434 2872 533 2944 uideo,
558 2889 608 2926 cur
627 2870 770 2945 Augustini
789 2869 836 2927 illa
855 2872 885 2943 7,
901 2871 932 2943 4,
951 2868 1082 2946 fragma
1101 2886 1149 2924 so·

55 2964 108 3022 lius
126 2965 233 3041 Virgilii
252 2966 361 3041 potius,
381 2984 463 3042 quam
483 2965 615 3042 Varronis
634 2962 803 3035 habeantur,
827 2963 875 3038 qui
894 2960 1030 3039 oppidum
1046 2961 1154 3018 Satur-.

55 3059 130 3116 amm
149 3068 224 3117 certe
242 3060 367 3135 agnoscit
387 3059 422 3115 de
441 3057 462 3115 l.
476 3058 496 3117 1.
509 3059 536 3127 5,
546 3059 596 3130 42,
615 3073 650 3113 ex
669 3075 724 3133 quo
744 3057 806 3113 loco
824 3055 968 3133 probabile
984 3054 1016 3110 lit
1029 3053 1152 3111 Ennium

55 3162 165 3210 secutos
184 3169 245 3209 esse
264 3152 405 3226 Virgilium
426 3160 455 3209 et
472 3151 623 3209 Nasonem.
1023 3129 1029 3154 ⁴

131 3244 221 3302 Varro
240 3263 303 3302 cum
322 3245 473 3302 secuudum
493 3244 675 3320 Augustinum
693 3245 774 3315 7,13
794 3238 947 3297 Genium
970 3236 1038 3296 dixit
1055 3255 1151 3298 rerum

55 3338 177 3396 omnium
197 3336 397 3415 gignendarum
417 3337 571 3414 praesidem
591 3345 620 3394 et
638 3333 791 3392 secuudum
811 3334 929 3390 eundem
948 3333 1013 3406 7,6
1032 3332 1147 3389 coniun-

54 3433 96 3489 xit
113 3432 214 3490 heroas
233 3432 305 3488 lares
325 3441 354 3490 et
373 3431 487 3505 genios,
510 3428 655 3486 manifesto
674 3434 785 3484 secutus
804 3432 846 3482 est
863 3424 1007 3482 Etruscam
1027 3424 1148 3502 discipli·

54 3544 131 3598 sam,
151 3525 192 3581 uti
205 3525 320 3601 egregie
339 3524 433 3581 docuit
451 3523 600 3581 Muellerus
620 3521 682 3579 Etr.
693 3526 724 3593 3,
741 3538 769 3596 p.
780 3521 818 3576 89
837 3517 943 3575 collatis
960 3517 1048 3575 Paulo
1066 3516 1148 3576 Diae.

53 3637 84 3699 p.
94 3619 145 3691 94,
158 3618 195 3675 16
215 3626 244 3674 et
262 3619 347 3676 Festo
364 3637 392 3694 p.
404 3619 471 3690 359,
484 3617 519 3672 15
532 3616 596 3687 sim,
614 3624 676 3673 tum
686 3632 715 3690 p.
727 3615 765 3670 92
784 3630 819 3670 ex
831 3611 963 3670 Labeone
977 3608 1053 3689 apud
1063 3609 1149 3669 Seru.

54 3718 125 3772 Aen.
140 3717 170 3785 3,
181 3715 237 3771 168
255 3713 358 3770 collato
376 3711 480 3767 arnob.
491 3706 522 3780 2',
535 3711 575 3764 62
592 3716 621 3764 et
638 3707 769 3781 Fulgeut.
788 3723 813 3764 s.
827 3725 854 3765 u.
873 3703 1007 3764 monulus.
1046 3702 1150 3781 Neque

53 3805 82 3862 id
101 3824 157 3863 unu
177 3805 335 3885 pertinebat
356 3804 391 3862 ad
411 3805 599 3863 Romanorum
622 3799 781 3876 religionem
806 3799 931 3868 ciuilem,
955 3794 1067 3876 quando
1082 3796 1147 3873 ipse

54 3898 102 3957 ille
119 3898 253 3958 Etruscus
271 3891 344 3955 lusis
363 3898 470 3954 Genius
495 3895 583 3951 cultus
606 3903 650 3952 est
666 3893 770 3951 liberae
789 3893 956 3972 reipublicae
975 3887 1147 3965 temporibus

55 3991 84 4048 in
104 3990 185 4048 Latin
205 4002 340 4069 arguente
359 3991 439 4048 titulo
458 3987 602 4047 Orelliano
621 4007 649 4045 n.
661 3988 754 4062 2488,
779 4006 831 4045 nec
849 3992 941 4064 potest
959 3982 1053 4059 negari
1072 3978 1148 4038 lares

54 4084 197 4166 Romanos
216 4083 257 4145 ita
274 4085 359 4146 luisse
378 4085 484 4152 cultos,
508 4081 547 4139 uti
565 4079 668 4143 dictum
685 4090 729 4140 est
750 4098 836 4163 supra
853 4099 883 4159 p.
896 4094 1006 4138 ccxxx.
1042 4072 1149 4134 Verum
1196 4134 1201 4139 ,
