2550 4574
15 237 17 241 ’
127 216 224 303 cuir=
397 200 400 204 ’
432 203 436 209 “
600 247 645 293 nn
666 245 769 306 sonus

126 395 312 474 οινοιοιδοια,
338 414 373 457 ce
391 397 478 457 obitur
500 415 552 474 pro
576 395 635 459 cbo
659 393 827 457 comiooudo
849 395 930 470 faico
946 397 1075 474 religiono
1092 398 1226 476 populum

125 489 291 568 adparuit.
329 495 390 550 Eos
414 489 504 564 ferino
527 493 555 550 si
579 492 641 567 quis
663 490 823 566 polluisset,
847 491 1008 568 piaculoque
1026 490 1059 551 ob
1077 491 1226 551 bonorem

81 647 84 652 ,
123 602 195 662 opus
212 590 292 654 οιτον,
310 583 430 644 bostiom
446 587 478 643 si
497 583 573 660 deo,
592 586 625 643 si
643 582 729 649 dene
745 583 943 655 immolabunt,
963 585 1043 662 idque
1060 587 1104 644 tro
1120 601 1157 643 ου
1173 583 1224 644 dc-

86 720 90 729 ,
124 683 197 737 croto
212 673 374 754 postitium
391 677 565 738 obseruatum
583 695 642 739 ιαο
653 680 699 737 Μ.
720 681 811 737 Vorro
831 676 905 748 diod,
924 681 1055 754 quonium
1073 684 1101 737 ct
1118 696 1177 755 qao
1193 681 1224 737 ui

124 775 151 828 ct
170 788 219 847 per
237 789 316 848 ριιαα
332 769 445 830 monim
462 771 611 830 ἀιαιυααιο
628 778 703 830 torro
721 777 856 844 traiceret,
874 773 1010 831 incertum
1027 778 1108 831 mot

199 869 227 923 2.
255 863 338 922 Seru.
359 863 394 921 ad
414 882 458 940 ge.
480 867 592 934 1,269:
628 868 706 924 Saue
731 863 870 924 οοίαιιίααι
893 863 1041 923 secundum
1070 868 1224 925 Varronem

58 1006 60 1010 .
122 962 221 1015 οοιιιια
237 955 395 1031 solipiorrem
412 975 487 1032 csso,
505 960 533 1016 si
549 957 594 1016 μοι
610 961 758 1034 ἐπίμονον
775 961 852 1035 agri,
874 958 920 1017 uei
938 957 1066 1016 locontur
1083 957 1224 1017 eubodio

20 1060 22 1065 '
121 1046 203 1122 ίωιὶο
219 1048 327 1108 fficium
344 1049 482 1126 opmpboo
498 1054 570 1109 enim
587 1055 646 1110 sim
663 1051 772 1130 pineolo
790 1069 847 1112 αοα
864 1059 981 1128 possum
998 1053 1112 1111 mouet.
1181 1113 1187 1119 ,

198 1147 225 1201 ³.
255 1142 330 1201 Piut.
350 1153 457 1220 quaest.
476 1144 532 1203 Ro.
551 1163 576 1203 c.
590 1147 656 1202 105.
685 1138 752 1203 Διὰ
771 1141 838 1203 τίνα
859 1140 961 1203 αἰτίαν
980 1140 1012 1217 ἐν
1031 1146 1101 1212 ταῖς
1119 1140 1220 1220 δημο-

121 1229 204 1304 σίαις
223 1225 344 1311 ἔορταῖς
363 1228 438 1305 ἔθος
459 1229 514 1294 οὐκ
539 1228 583 1307 ἴςι
610 1238 780 1315 γαμεῖσθαι
800 1232 997 1314 παρθένους,
1020 1231 1054 1295 αἳ
1071 1231 1108 1297 δὲ
1124 1239 1221 1316 χῆραι

120 1327 309 1407 γαμοῦνταις
329 1321 470 1407 πότερον,
489 1319 531 1399 ὥς
550 1319 574 1388 δ’
585 1321 720 1410 Βάρρων
741 1324 870 1408 εἴρηκεν,
889 1324 938 1390 ὅτι
956 1322 1144 1406 λυπούμεναι
1160 1327 1220 1408 μὲν

119 1415 154 1481 αἱ
172 1413 322 1498 παρθένοι
341 1423 522 1500 γαμοῦνται,
538 1419 706 1503 χαίρουσαν
726 1420 760 1482 δὲ
780 1417 813 1483 αἱ
832 1427 981 1502 γυναῖκες,
1002 1415 1098 1505 ἑορτῇ
1118 1418 1154 1483 δὲ
1171 1421 1223 1484 δεῖ

117 1510 221 1594 μηθὲν
240 1510 449 1592 λυπουμένους
472 1519 585 1595 ποιεῖν,
607 1513 689 1596 μηδὲ
713 1510 791 1597 πρὸς
810 1508 966 1596 ἆνάγκηνς
991 1553 1025 1577 -.
1048 1518 1109 1577 cu.
1127 1519 1216 1578 Mser.

118 1618 172 1669 sat.
192 1609 280 1683 1,15‚
298 1629 328 1688 p.
339 1613 406 1669 262.

192 1705 237 1762 De
254 1703 334 1777 soriis
352 1705 394 1779 iis,
412 1721 486 1782 quae
504 1702 540 1762 nd
559 1703 627 1763 deos
646 1724 702 1764 non
721 1705 932 1784 pertinuerunt,
952 1706 1108 1765 Varronem
1127 1707 1217 1784 egisse

117 1797 147 1856 in
165 1797 241 1857 libris
258 1816 309 1856 sex
326 1817 420 1857 rerum
439 1797 639 1871 humanarum,
655 1818 727 1877 quos
745 1799 782 1857 de
801 1799 973 1877 temporibus
991 1799 1112 1877 scripsit,
1131 1818 1217 1878 opor-

117 1899 173 1951 teti
192 1890 228 1950 de
245 1892 415 1970 imperatiuis
433 1891 653 1967 magistratuum,
672 1893 731 1951 uid.
745 1894 833 1955 Mocr.
844 1902 897 1951 sat.
914 1899 941 1962 1,
952 1894 999 1965 16,
1015 1910 1045 1968 p.
1056 1894 1126 1967 264,
1145 1911 1217 1971 qua·

115 1985 158 2045 ies
177 2004 195 2045 c
211 1986 312 2063 bibulo
329 1985 437 2063 collega
454 1982 572 2043 indictas
592 1984 746 2061 neglexisse
765 1987 915 2055 Caesarem
935 1984 1069 2045 traditur:
1088 1983 1126 2042 de
1143 2004 1216 2046 uun-

114 2077 204 2156 dinis,
232 2078 288 2139 uid.
307 2078 436 2139 Seruium
455 2078 492 2137 ad
510 2097 557 2156 ge.
577 2084 605 2150 1,
623 2080 680 2145 275
699 2088 730 2138 et
749 2079 927 2139 Macrobinm.
941 2099 972 2158 p.
981 2080 1040 2135 268
1059 2077 1215 2138 Varronem

114 2172 276 2234 madentes:
293 2172 331 2234 dc
347 2170 411 2232 belii
429 2170 505 2233 feriis
524 2174 623 2233 librum
638 2172 819 2233 humanarum
835 2181 990 2230 antestatur
1002 2171 1111 2231 Gellius
1127 2173 1214 2248 ¹2²5·

115 2264 161 2326 Dc
177 2265 252 2324 feriis
270 2269 354 2325 sacris
379 2283 447 2324 uero
473 2268 560 2327 multa
585 2286 621 2326 ex
639 2267 693 2326 boc
711 2265 781 2325 libro
803 2283 834 2324 se
854 2265 1015 2342 repetiuisse
1033 2265 1062 2322 in
1080 2276 1158 2324 sexto
1176 2265 1214 2325 dc

56 2400 59 2405 -
113 2357 134 2418 1.
152 2358 173 2419 l.
191 2359 252 2436 ipse
274 2360 377 2417 indicat
396 2363 414 2432 §
432 2364 485 2418 13:
511 2368 544 2420 ut
568 2364 599 2420 io
623 2363 821 2437 commanos
846 2357 925 2416 libris
946 2357 1142 2418 demonstrem.
1181 2357 1215 2417 In

71 2469 77 2477 ·
113 2449 168 2509 lroc
185 2469 289 2527 genere
306 2453 498 2529 requirebatur
516 2456 615 2532 quibus
634 2455 837 2527 residerentur,
865 2470 883 2510 a
901 2452 1018 2529 quibus,
1043 2460 1072 2510 et
1089 2451 1214 2529 inprimis

113 2542 246 2622 qumodo,
270 2546 400 2622 quoniam
420 2545 456 2604 de
474 2550 559 2605 sacris
579 2550 749 2626 temporibus
767 2547 937 2630 potissumum
955 2547 1101 2624 agebatur.
1131 2547 1215 2605 ¹Hinc

113 2653 175 2695 esse
195 2636 320 2714 uidetur,
345 2637 421 2715 quod
442 2656 516 2716 quae
533 2639 666 2697 feriarum
685 2640 842 2699 discrimina
861 2641 1077 2719 ascriptoribus
1096 2639 1213 2698 tradun-

114 2737 172 2805 tur,
189 2727 227 2787 ad
245 2747 307 2790 eam
326 2750 451 2790 normam
470 2731 531 2791 sere
549 2733 728 2791 definiuntur.
766 2733 867 2792 Vtrum
885 2733 936 2793 diis
955 2734 1048 2808 certis,
1067 2752 1103 2792 an
1123 2718 1212 2792 iocer-

111 2823 166 2899 tis,
184 2824 281 2903 quoles
298 2826 327 2884 in
345 2823 445 2901 fragm.
460 2832 476 2885 1
497 2826 668 2901 indicuntur,
692 2826 923 2902 obseruarentur,
949 2837 1059 2886 totusue
1077 2827 1210 2905 populus,

108 2935 150 2977 ⁴au
167 2936 234 2997 pars
251 2920 310 2978 eius
328 2921 360 2978 iis
379 2927 540 2995 teneretur,
566 2940 622 2978 non
649 2939 738 2999 aeque
756 2921 913 2980 interfuisse
933 2918 1056 2995 uidetur,
1080 2931 1156 2979 certe
1174 2921 1211 2979 ad

110 3013 225 3071 uomina
247 3012 379 3074 feriarum
407 3015 554 3092 generibus
578 3014 707 3092 imposito
733 3014 800 3072 nibil
819 3015 951 3077 momenti
968 3013 1074 3071 babuit.
1112 3012 1212 3091 ltaque

110 3107 230 3185 primum
248 3108 392 3169 discrimen
412 3127 431 3168 a
449 3108 550 3167 Seruio
569 3107 605 3166 ad
624 3109 695 3166 den.
716 3115 745 3184 l,
760 3112 818 3167 632
836 3108 955 3166 traditur
978 3107 1163 3183 legitimorum
1182 3104 1210 3166 h.

109 3216 152 3276 e.,
171 3210 202 3259 ut
220 3219 273 3278 ego
298 3205 482 3283 interpretor,
509 3220 622 3277 earum,
642 3220 716 3279 quae
740 3220 819 3260 more
844 3212 959 3281 recepto
986 3198 1210 3277 quandocunque

108 3294 274 3370 agebantur,
290 3305 320 3354 et
337 3295 517 3365 indictorum,
536 3298 596 3355 sine
614 3295 824 3370 mertuorum,
840 3311 920 3371 quoa,
940 3293 1042 3369 inquit,
1061 3290 1152 3351 subdo
1171 3289 1211 3350 od

105 3403 239 3465 praesens
257 3394 363 3466 empus
380 3389 569 3451 indicebantur
587 3391 741 3467 cuicunque
760 3388 814 3448 deo
834 3407 905 3466 opus
925 3386 1014 3443 uisum
1033 3395 1086 3443 eet.
1122 3383 1207 3460 Legi-

105 3481 189 3538 timos
207 3489 257 3541 aut
273 3480 359 3539 foisse
378 3490 484 3559 statos,
503 3493 552 3549 aut
570 3486 743 3561 conceptibus
761 3483 852 3540 Varro
870 3480 952 3538 docet
966 3478 1002 3537 de
1022 3478 1042 3536 l.
1058 3479 1076 3537 1.
1091 3480 1122 3552 6,
1139 3477 1206 3556 525

102 3583 137 3631 et
150 3577 189 3631 26
207 3574 336 3654 idemque
354 3580 530 3654 conceptiuas
549 3577 651 3635 dirimit
676 3575 778 3634 ibidem
804 3575 833 3633 in
858 3573 975 3640 conules
995 3581 1024 3630 et
1041 3589 1098 3631 αοα
1116 3587 1209 3631 unnu-

101 3665 156 3724 ics.
186 3668 371 3746 Conceptiuas
390 3688 446 3733 non
464 3670 579 3729 annales
599 3688 653 3727 non
675 3667 805 3726 uidentur
824 3668 932 3726 nouisse
946 3665 1051 3724 Paulus
1064 3683 1093 3741 p.
1104 3666 1152 3732 62,
1171 3660 1208 3720 15

103 3769 136 3817 et
154 3759 241 3822 Maur.
263 3767 290 3836 l,
304 3765 351 3835 16,
372 3781 403 3838 p.
410 3763 484 3819 2642
508 3762 552 3826 bic
570 3769 662 3820 tamen
684 3781 747 3822 cum
767 3765 915 3838 muttonis
932 3763 961 3818 io
982 3758 1040 3817 dice
1058 3762 1146 3816 certos
1163 3755 1210 3813 uei

105 3856 190 3911 otium
207 3857 325 3914 incertos
345 3855 429 3914 serias
453 3856 563 3934 concipi
581 3857 676 3917 solitas
695 3855 796 3925 tradit,
822 3873 925 3916 nouum
954 3849 1093 3910 anodiam
1111 3848 1208 3906 discri-

107 3964 172 4005 men
190 3947 315 4023 inducit,
332 3968 389 4007 non
409 3948 620 4026 negligendum,
637 3950 747 4033 quippe
760 3949 893 4024 exemplis
914 3943 1098 4010 demonstrari
1116 3960 1208 4019 aeque

107 4049 201 4117 potest
220 4060 253 4099 ac
271 4044 387 4121 reliqua.
429 4044 561 4120 Quinque
578 4051 643 4099 sunt
661 4061 776 4119 genera,
794 4060 913 4118 quorum
935 4035 1139 4120 unumquoduis
1158 4044 1208 4091 aut

105 4135 269 4213 publicum,
283 4146 332 4198 aut
349 4157 405 4198 non
423 4135 575 4218 publicum.
612 4136 659 4195 De
680 4135 817 4195 indictiuis
836 4133 909 4208 dixi,
936 4150 988 4192 nec
1013 4129 1098 4191 credo
1121 4129 1207 4202 suso,
