2550 4574
26 112 30 123 ⁸
67 139 89 171 x

435 220 440 229 ·
543 215 700 266 ‘trichitim
1079 226 1171 279 ,ccxv

66 387 112 430 res
135 367 263 430 dinem
282 368 430 431 admittere
452 371 544 430 solent
569 369 822 449 interpretationes.
861 373 1024 436 Clausenius
1047 384 1168 461 utraque

66 464 126 541 illa,
145 483 233 543 quam
248 463 366 524 Ouidius
385 462 480 541 tradit,
499 464 537 524 de
550 463 630 522 Anna
642 463 762 523 Numicii
776 475 864 546 nupta
882 477 911 527 et
929 467 966 528 de
976 470 1058 532 Anna
1069 470 1167 533 Bouil-
1199 492 1203 501 ’

54 545 142 634 'lona
162 552 282 633 inuenit,
302 557 442 636 quomodo
461 558 613 636 aquatilem
632 576 712 616 suam
730 558 889 636 opinionem
908 571 1053 625 astrueret.
1090 566 1166 629 Nam
1217 606 1220 615 ,

64 655 176 712 Annam
194 653 307 734 Aeneae
324 651 473 731 hospitium
489 651 642 729 fugientem
659 651 750 711 eidem
770 655 892 730 Aeneae,
911 655 1028 734 ludigeti
1045 657 1117 735 Ioui,
1134 659 1165 721 in

64 747 179 805 flumine
197 747 321 805 iunctam
342 756 371 806 et
391 765 454 805 cum
470 763 505 805 eo
518 744 627 804 Lauinii
644 745 749 803 cultam
760 746 897 807 existimat
908 759 937 809 et
951 750 1078 828 Bouillis,
1097 752 1166 833 quin
1268 738 1271 745 ¹

63 838 92 898 id
108 838 248 918 oppidum
274 838 312 898 ad
336 857 440 918 aquam
458 839 595 897 Albanam
619 838 702 897 situm
725 837 845 901 fumasse
867 842 969 919 fuerit,
995 845 1054 904 eins
1072 863 1164 924 aquas

63 933 217 1012 nympham
236 933 346 991 Annam
364 944 554 992 consecratam
572 931 677 1009 fuisse,
696 939 725 991 et
742 932 906 1012 quiaplebs
925 953 943 994 a
961 937 1164 998 Bouillensibus

63 1025 334 1101 marcomirem,
352 1027 412 1085 eius
429 1026 470 1085 rei
488 1027 516 1084 iu
536 1025 696 1084 memoriam
713 1025 808 1084 diuam
826 1028 862 1085 ab
881 1027 923 1087 his
938 1029 1042 1119 cultam
1054 1030 1164 1093 Romae

62 1135 175 1198 quoqne
200 1120 255 1178 coli
275 1129 404 1199 coeptam
423 1138 494 1183 esse.
533 1119 727 1178 Cautissimum
745 1128 816 1198 puto
835 1138 870 1179 ex
887 1121 941 1180 hac
958 1121 1054 1181 fabula
1072 1122 1162 1183 histo·

61 1213 148 1271 ricnm
168 1212 236 1272 nihil
254 1214 336 1291 elici,
355 1214 407 1273 nisi
426 1213 495 1284 hoc,
514 1215 600 1292 paulo
620 1212 802 1271 recentiorem
820 1215 974 1275 secessione
992 1217 1021 1274 in
1039 1223 1162 1275 montem

60 1324 169 1364 sacrum
189 1308 287 1366 Annae
307 1307 412 1365 cultum
430 1307 540 1366 Romae
557 1305 652 1365 fuisse.
690 1305 752 1363 Hoc
771 1314 880 1385 tempus
898 1310 922 1367 si
947 1308 1079 1367 traditum
1097 1309 1160 1385 luit,

60 1417 96 1458 ex
113 1401 328 1458 cerimoniarum
346 1409 529 1477 argumento3
556 1417 627 1477 quas
643 1400 791 1478 plerasque
810 1400 846 1459 ad
866 1401 955 1462 nictus
967 1401 1171 1471 ,commoditas-¹
1239 1388 1242 1397 ¹

59 1503 116 1553 tem
140 1501 172 1552 et
196 1495 372 1567 saturitatem
391 1502 521 1571 spectare
539 1493 612 1565 dixi,
639 1492 834 1552 animaduerso
857 1496 916 1554 sine
934 1497 1046 1574 negotio
1064 1494 1161 1555 fabula

56 1587 108 1645 ilia
126 1586 164 1646 de
180 1587 280 1645 Annae
295 1587 460 1645 Bouillauae
479 1585 570 1644 officio
590 1587 764 1675 nascebatur.
804 1589 919 1648 Tertiae
936 1590 1012 1669 apud
1026 1588 1160 1649 Ouidium

55 1680 176 1738 fabulae
193 1679 230 1738 de
250 1683 347 1738 Annae
367 1680 520 1754 lenocinio,
539 1698 623 1762 quam
642 1678 707 1737 nihil
726 1680 856 1760 interest,
874 1684 1100 1760 grammaticam,
1120 1699 1158 1740 an
1194 1708 1212 1723 ·

56 1772 225 1852 popularem
237 1773 344 1831 habere
363 1773 442 1848 nelis,
462 1774 564 1858 subest
576 1772 760 1851 nequitiarum
778 1776 911 1861 cantatio,
928 1776 1055 1836 fortassis
1072 1776 1158 1835 etiam
1264 1800 1267 1805 ·

55 1867 191 1945 patratio.
231 1865 316 1936 Quod
335 1866 418 1942 igitur
436 1866 524 1925 tribus
543 1865 636 1924 uerbis
651 1866 815 1926 Clausenius
834 1869 912 1944 dixit,
930 1887 992 1929 esse
1010 1868 1064 1928 hoc
1080 1887 1157 1928 sum·

54 1969 138 2038 ptum
161 1959 275 2018 acultu
294 1958 430 2020 Channae
448 1957 587 2031 Punicae,
610 1957 640 2017 id
663 1960 805 2022 uerissime
829 1962 932 2022 dictum
950 1963 1086 2022 existimo.
1122 1959 1157 2020 Si
1195 2034 1196 2039 ἵ

54 2056 86 2114 in
111 2053 223 2112 minutis
247 2056 330 2113 rebus
360 2069 560 2132 saepenumero
589 2051 619 2109 in
642 2052 793 2113 Clauseuio
818 2052 1157 2134 notandam'putauimus
1243 2056 1245 2060 ’

55 2146 202 2226 quandam
219 2147 378 2225 licentiam,
397 2166 454 2206 non
472 2145 536 2204 ideo
556 2145 718 2224 derogatum
737 2155 797 2206 esto
816 2148 875 2208 eius
893 2148 987 2224 laudi,
1007 2166 1070 2205 cum
1087 2144 1156 2226 quid

55 2260 193 2320 generose
211 2251 240 2301 et
262 2242 399 2320 sagaciter
423 2241 594 2317 excogitauit
617 2239 645 2297 iu
673 2258 706 2300 re
731 2241 823 2318 adeo,
849 2260 922 2319 quae
947 2241 1107 2301 testimoniis
1125 2247 1155 2300 et

57 2334 277 2395 testimoniorum
296 2334 485 2394 aestimatione
504 2333 602 2392 confici
622 2352 677 2391 nou
691 2340 794 2411 potest.
824 2333 903 2392 Nihil
921 2344 963 2394 est
980 2337 1154 2414 inexpugna-

56 2430 113 2488 bile
129 2430 315 2504 coniecturae,
334 2427 453 2487 simodo
468 2428 530 2505 ipsa
544 2426 667 2504 legitima
680 2435 798 2486 uenusta
810 2430 900 2486 uitalis
916 2431 1047 2489 nascitur.
1072 2429 1153 2489 Deae
1266 2436 1268 2443 ’

54 2522 181 2583 Caelesti
195 2521 460 2599 Carthaginiensium
480 2519 608 2578 adiuncta
628 2519 757 2579 uidentur
768 2541 821 2600 pro
839 2523 942 2602 duplici
960 2525 1021 2582 eius
1038 2524 1154 2582 numine

54 2616 113 2676 duo
131 2617 253 2692 numina,
273 2616 390 2674 alterum
401 2615 516 2674 Didonis
530 2614 719 2690 castissimum,
737 2617 841 2694 templo
854 2635 905 2674 suo
922 2617 1036 2687 cultum,
1054 2615 1151 2677 lustin.

54 2715 105 2786 18,
119 2713 150 2785 6,
173 2709 286 2767 alterius
304 2707 439 2767 Channae
455 2707 555 2767 indicia
572 2717 722 2787 supersunt
739 2728 840 2769 nomen
853 2708 1054 2786 Ebedchanna,
1073 2709 1151 2789 quod

52 2803 209 2883 significare
233 2803 333 2861 dicitur
352 2801 486 2861 Channae
513 2801 725 2875 inseruientem,
749 2803 844 2863 Claus.
864 2824 895 2882 p.
910 2805 983 2880 510,
1009 2815 1038 2863 et
1054 2800 1151 2863 fabula

54 2905 166 2957 uetusta
185 2915 203 2955 a
221 2897 348 2956 Varrone
367 2894 468 2953 tradita
486 2903 557 2953 teste
575 2894 674 2959 Seruio
687 2895 757 2954 Aen.
773 2898 802 2966 4,
817 2899 889 2972 682;
909 2896 979 2972 b‚4‚
998 2897 1149 2957 secundum
1237 2970 1240 2975 ⁸

52 3009 138 3070 quarn
156 2990 265 3048 Aeneas
284 3008 343 3047 rem
363 2988 461 3046 habuit
477 3008 540 3046 cum
559 2990 650 3064 Anna,
668 3008 726 3045 uon
742 2989 866 3048 Didone:
885 2991 999 3064 scilicet,
1019 3000 1050 3047 ut
1063 2990 1150 3048 Clau·

53 3085 146 3144 senius
167 3083 261 3159 docet,
279 3084 391 3158 Siculis,
411 3083 459 3160 qui
471 3083 592 3140 Aeneam
610 3101 665 3158 pro
682 3081 818 3141 Sicharba
835 3083 1071 3160 interposuerunt,
1089 3100 1148 3140 nou

53 3179 220 3238 audentibus
239 3187 304 3235 ante
323 3176 461 3235 deuictam
480 3174 676 3252 Carthaginem
693 3175 809 3234 Didonis
827 3175 929 3233 famam
949 3175 1067 3234 laedere.
1103 3174 1148 3234 Ad

53 3274 199 3332 Chaunum
214 3273 297 3348 igitur
310 3268 473 3330 referendus
486 3278 529 3327 est
541 3270 630 3328 cultus
644 3269 759 3328 Veneris
773 3268 1015 3345 Carthaginiensis,
1034 3269 1071 3328 de
1089 3287 1147 3347 qua

53 3385 90 3427 ex
109 3366 201 3424 numis
220 3365 314 3422 docuit
333 3365 428 3422 Claus.
447 3381 514 3420 aun.
534 3365 607 3438 743,
626 3364 732 3425 Vestae
749 3361 931 3436 Phoenicius,
950 3381 1033 3440 quam
1052 3365 1147 3441 Augu·

52 3461 141 3520 stinus
161 3459 228 3517 dicit
246 3477 272 3515 c.
292 3456 321 3515 d.
339 3459 433 3532 s,10,
450 3456 604 3533 puellarum
624 3457 792 3534 prostitutio,
812 3453 848 3512 de
866 3474 923 3533 qua
941 3456 1036 3513 lustin.
1057 3457 1145 3529 18‚n.

52 3553 163 3614 Eodem
183 3570 250 3608 uero
270 3551 324 3608 ritu
344 3552 444 3609 colitur
462 3550 556 3607 Venus
576 3550 710 3626 Erycina,
729 3548 822 3607 Strab.
842 3549 873 3623 6,
893 3543 1145 3627 paraenesis,

53 3665 126 3724 quae
145 3646 262 3703 nononis
281 3645 427 3722 quotannis
442 3643 537 3700 diebus
549 3643 743 3718 Carthaginem
755 3637 948 3720 proficiscitur,
966 3639 1072 3700 helian.
1083 3660 1145 3701 uar.

52 3739 117 3799 hist.
133 3741 211 3816 1,15
226 3749 297 3797 extr.
335 3738 411 3797 Nihil
430 3737 511 3813 igitur
529 3736 708 3814 probabilius,
727 3754 810 3815 quam
828 3737 860 3795 in
876 3737 969 3796 Sicilia
986 3753 1099 3814 quoque
1116 3744 1146 3796 et

52 3842 150 3893 notam
169 3841 198 3891 et
219 3831 321 3889 cultam
347 3831 431 3888 luisse
450 3833 569 3889 Annam.
607 3831 685 3888 Haec
706 3831 815 3908 plenius
837 3830 924 3888 multa
942 3849 1005 3888 curn
1023 3829 1146 3887 oblecta·

53 3929 129 3986 tione
147 3926 224 4003 leges
243 3925 318 4003 apud
339 3925 514 3983 Clausenium
534 3944 564 4002 p.
578 3927 634 3982 487
649 3944 704 4003 sq,
722 3944 753 4003 p.
764 3924 821 3981 506
833 3931 902 3999 sqq.
933 3922 966 3981 si
984 3940 1051 3980 uero
1070 3921 1146 3981 stulta
1260 3989 1262 3993 ,

53 4030 95 4080 est
113 4038 132 4079 a
151 4019 252 4078 Siculis
272 4024 352 4077 Anna
370 4015 468 4076 eodem
494 4017 554 4076 iere
573 4036 607 4075 ac
625 4011 720 4079 Venus
737 4018 807 4090 ritu,
826 4015 917 4073 licebit
936 4016 1092 4074 coniectare
1108 4015 1145 4073 ab

50 4113 86 4185 iis
102 4113 225 4179 Romam
243 4111 373 4182 delatam,
392 4114 439 4189 qui
458 4114 486 4172 in
504 4112 621 4191 penuria
639 4120 704 4190 post
722 4111 902 4171 secessionem
919 4109 1017 4184 plebis,
1037 4107 1100 4166 liu.
1113 4111 1145 4181 2,
1238 4162 1240 4169 ,
