2550 4574
504 231 706 297 sanavimus
1051 242 1159 290 xxxix

8 434 15 447 .
62 388 171 449 abulae
188 386 390 447 Praetutium
406 386 532 449 ducentis
556 389 618 449 iere
635 401 702 451 aute
718 390 824 469 reliqua
842 390 920 449 aunis
943 392 1085 451 inuentum
1105 392 1156 451 do·

8 516 22 553 ,
61 492 104 541 cet
119 499 184 541 eam
204 498 266 541 rem
280 488 390 557 gestam
408 499 470 541 esse
487 500 563 541 auno
582 482 622 545 V.
641 485 676 543 C.
697 485 755 543 762
773 483 912 559 feriasque
932 501 967 541 ex
985 484 1017 540 S.
1037 485 1071 541 C.
1090 503 1156 543 cou-

8 624 20 635 .
63 583 153 655 reptas
170 592 253 650 esse,
277 590 372 651 noque
390 581 484 635 tam
502 574 572 651 NP,
597 575 647 637 sed
665 576 695 635 N
712 577 802 655 signat
825 575 898 635 diem
921 574 1021 651 ipsum.
1060 578 1157 646 Quare

8 700 28 741 [ι
66 667 144 729 oeldo
156 666 240 727 animi
259 662 374 740 hesso,
394 675 483 725 utram
498 676 594 727 notam
609 668 741 729 auridum
752 668 842 727 dicam
855 669 883 725 in
900 666 993 745 lapide
1005 668 1156 731 llaffeauo.

65 761 162 823 baut
178 759 289 838 sliqtrit,
308 767 385 817 certa
400 758 446 819 Ns
466 779 531 819 nam
549 760 668 820 frustum
686 760 753 821 illud
767 760 977 821 Praenestinum
995 779 1055 818 esse
1074 780 1156 839 urgu-

8 888 32 925 ,ι
66 864 164 929 min,
189 853 258 913 'ntus
281 849 368 911 lorias
392 852 512 912 minores
538 853 566 911 iu
591 855 722 912 contiuuo
746 852 853 912 derum
872 852 1041 913 nefastorum
1060 853 1156 912 ordine

8 966 30 1017 i·
66 946 155 1007 codun
173 947 238 1013 loco
255 942 353 1021 fuisse,
372 956 458 1023 atque
476 946 595 1003 maiores
614 945 691 1005 binas
708 964 803 1005 meuse
821 946 909 1005 lunio.
947 945 1051 1005 Verum
1070 964 1155 1023 quae·

9 1054 34 1109 Q
66 1037 171 1099 ludum
191 1049 235 1097 est
254 1046 357 1112 antea,
381 1056 448 1097 uum
472 1038 547 1097 torte
565 1039 657 1097 Verrii
680 1040 847 1099 sementis
871 1048 964 1098 aemte
987 1037 1074 1098 feriae
1092 1038 1155 1097 illae

64 1140 169 1209 propter
186 1148 265 1204 rens,
294 1147 351 1207 qus
373 1130 494 1209 ιοὶριιιιιι
519 1129 660 1208 indignum
680 1130 810 1191 iudicauit
828 1131 977 1205 Tiberius,
1003 1141 1155 1209 conceptae

63 1220 314 1281 iuduuetadinem
332 1222 461 1299 abierint,
479 1233 509 1282 et
526 1222 625 1303 ecquid
644 1225 716 1283 iuter
733 1224 793 1283 dies
811 1225 953 1301 religiosos
965 1224 1066 1283 mensis
1083 1225 1154 1283 lunii

9 1328 30 1385 b
61 1313 246 1373 aliebruarii
263 1323 357 1373 tamea
375 1315 413 1373 sit
430 1314 601 1377 immina
639 1316 738 1377 Mense
752 1318 834 1398 euim
853 1317 931 1376 lunio
958 1326 1027 1394 quot
1050 1317 1071 1375 ii
1094 1316 1154 1375 dies

9 1438 23 1475 i
57 1408 115 1482 titt,
132 1407 253 1465 scimusr
271 1406 426 1467 Februario
438 1429 583 1488 quousque
595 1411 761 1488 pertineant,
776 1410 867 1469 adbuc
879 1410 1047 1486 ignoramus.
1072 1408 1153 1467 Meu·

9 1510 14 1567 ζ
55 1518 110 1559 seru
125 1499 312 1559 Februarium
329 1501 367 1559 ub
392 1502 424 1561 iis
442 1502 539 1561 diebus
556 1504 690 1563 subruatis
714 1503 734 1561 i.
753 1521 780 1564 e.
801 1503 967 1581 purgatoriis
986 1512 1015 1561 et
1033 1501 1092 1560 deis
1110 1502 1152 1559 in·

54 1593 118 1653 laris
133 1593 251 1653 nuatis
267 1611 368 1653 nornen
387 1596 502 1655 traxisse
528 1615 584 1655 oon
610 1608 669 1668 est,
697 1593 773 1674 quod
792 1595 923 1667 Varronis
943 1596 973 1669 6,
991 1594 1039 1664 el,
1064 1593 1151 1651 Laur.

51 1684 124 1763 Lydi
140 1704 170 1765 p.
186 1688 245 1743 tto
263 1686 334 1761 tta,
359 1686 469 1749 Leontii
487 1708 518 1767 p.
529 1694 597 1767 177,
618 1691 664 1748 uel
683 1690 798 1748 aliorum
820 1686 910 1746 uerbis
930 1686 1056 1745 doceam.
1092 1685 1152 1743 latu

49 1798 119 1839 uero
143 1780 288 1837 minotio
313 1780 376 1839 Sat.
396 1786 424 1852 1,
444 1783 482 1839 lt
509 1792 579 1841 teste
605 1783 710 1842 Caesar
734 1783 853 1839 dictator
878 1779 966 1839 noluit
990 1780 1042 1838 sub
1067 1778 1151 1837 finem

46 1872 209 1947 Februarii,
233 1873 304 1931 sicut
324 1872 353 1931 in
372 1873 431 1932 aliis
449 1876 587 1934 mensibus
605 1873 689 1950 iecit,
716 1872 775 1932 dies
793 1890 955 1951 apponere,
979 1890 1016 1932 ue
1035 1871 1150 1929 deorum

43 1964 199 2025 intermu-
218 1963 316 2043 religio
332 1973 498 2042 mutaretur,
518 1967 571 2027 boc
589 1978 643 2044 est,
661 1983 699 2026 ne
716 1967 776 2026 aliis
795 1967 915 2025 numeris
933 1964 993 2024 dies
1007 1973 1072 2043 post
1085 1963 1150 2022 ldus

41 2059 253 2137 imignirsntur.
291 2058 372 2118 Vltro
391 2058 455 2119 ldus
479 2061 562 2139 igitur
585 2060 706 2120 februari
732 2058 791 2118 dies
816 2057 1052 2136 producebantur.
1089 2055 1148 2114 Lu·

42 2151 171 2231 pes-salia
196 2150 357 2212 februatum
383 2153 455 2213 diem
480 2154 609 2214 dixerunt
632 2156 722 2213 Varro
742 2152 778 2211 de
803 2152 823 2209 1.
844 2152 864 2210 l.
883 2152 914 2225 6,
932 2153 971 2209 34
997 2158 1027 2209 et
1045 2149 1149 2207 Paulus

40 2246 186 2305 Diaconm
202 2264 233 2323 p.
243 2246 282 2305 85
294 2246 391 2305 Mnell.
418 2249 589 2307 Terminalia
606 2247 678 2306 adeo
693 2245 859 2323 Augustinus
877 2242 913 2302 ds
931 2243 985 2302 siu.
1005 2241 1050 2301 dei
1069 2245 1098 2312 7,
1110 2245 1147 2302 72

41 2357 156 2399 merom
174 2343 372 2415 purgatorium,
392 2341 463 2418 prod
484 2349 584 2400 mount
601 2340 747 2413 namium,
765 2336 838 2397 undo
855 2338 958 2395 russam
977 2353 1076 2395 nomeu
1094 2352 1144 2393 oc-

42 2434 126 2508 cspit,
144 2430 220 2489 dixit.
252 2431 395 2491 Mittamus
415 2436 488 2493 bunc
506 2444 684 2513 postremum,
703 2431 768 2489 idus
786 2440 862 2489 certe
880 2439 996 2509 propter
1012 2426 1145 2505 templum

43 2524 150 2581 Fauno
168 2535 301 2583 sacratum
321 2544 348 2584 a.
369 2527 404 2586 V.
423 2530 483 2587 560
500 2528 583 2587 serias
607 2525 750 2598 imbuisse,
776 2523 943 2601 Lupercalia
965 2521 1041 2580 feriis
1059 2520 1145 2579 maxi-

45 2614 101 2673 mis
117 2614 270 2677 interfuisse
295 2630 414 2678 constat.
452 2621 509 2689 Qui
535 2620 594 2678 dies
612 2637 675 2677 cum
693 2617 745 2675 NP
764 2619 923 2695 signentur,
949 2613 1044 2692 quidni
1062 2614 1145 2671 etiam

46 2703 170 2765 Nonaai
195 2710 252 2769 ista
272 2729 339 2771 uem
358 2716 483 2792 quaestio
502 2714 539 2772 de
557 2713 653 2770 diebus
677 2710 809 2785 nefastis,
835 2711 881 2768 uel
899 2708 992 2787 potius
1010 2705 1145 2765 subruatis

47 2799 175 2879 ddncsps
201 2806 295 2881 positis
321 2809 408 2865 multu
435 2809 544 2866 maioris
569 2815 612 2863 est
636 2803 768 2861 momenti
795 2804 823 2860 iu
850 2799 1030 2877 intelligendo
1049 2797 1143 2856 Ouidii

47 2894 107 2953 into
124 2900 156 2969 2,
173 2897 350 2974 sss-570,
368 2919 435 2959 sane
454 2899 569 2973 difficili,
587 2897 623 2955 de
641 2915 697 2973 quo
716 2895 739 2953 si
757 2895 865 2953 inutiles
886 2895 1001 2953 aliorum
1021 2898 1138 2946 conatus
1167 2928 1171 2937 .

11 3014 13 3023 ·
51 2987 157 3045 mobis
180 2991 278 3066 cupis,
302 2990 347 3051 adi
373 2993 552 3051 Vaasssuium
577 3011 607 3068 p.
623 2989 799 3047 att-282.
849 2983 967 3043 Ouidius
993 2991 1058 3059 post
1082 2980 1143 3055 ipsa

11 3080 13 3093 '
53 3079 202 3149 Quirinalia
220 3101 299 3143 sacra
316 3086 453 3163 quaedam
477 3084 519 3141 dis
538 3082 666 3141 Manibus
692 3078 819 3137 faciunda
839 3083 1035 3135 columemorat
1053 3087 1142 3147 eaque

54 3172 151 3251 aliquot
169 3192 319 3253 occupasse
337 3179 396 3238 dies
414 3177 583 3239 subindicat:
602 3171 759 3250 parentales
778 3171 851 3228 euim
869 3168 927 3226 dios
947 3165 1012 3223 dicit
1033 3184 1059 3222 ιι.
1073 3162 1141 3220 548.

57 3264 90 3323 lis
106 3264 182 3343 igitur
200 3266 297 3329 diebus
325 3287 409 3350 stegat
429 3272 538 3348 nuptias
557 3281 632 3326 recte
650 3266 726 3324 fieri:
752 3265 790 3321 ita
817 3262 890 3318 enim
914 3258 999 3335 uulgo
1025 3257 1140 3333 legitur:

57 3362 125 3417 lissi
140 3366 232 3419 toruos
250 3361 316 3421 tusc
333 3362 414 3441 tium,
434 3385 461 3423 u.
473 3366 541 3421 557.
576 3359 675 3418 lisdem
694 3356 790 3415 diebus
808 3352 912 3430 templa
930 3348 1036 3409 occludi
1054 3347 1140 3417 addit,

55 3452 99 3511 scd
120 3473 229 3513 omnem
256 3476 317 3515 eam
341 3459 500 3535 religionem
527 3474 582 3512 uon
609 3468 670 3509 esse
695 3446 897 3507 extendendam
922 3445 994 3501 ultra
1012 3440 1076 3498 ΧΠ]
1095 3440 1140 3497 uel

55 3545 100 3605 tlt
114 3546 178 3605 Kal.
197 3548 281 3606 lilarr.
318 3550 429 3611 Scilicet
454 3551 520 3609 isaac
538 3567 566 3603 u.
581 3546 638 3602 567
658 3558 714 3599 non
737 3549 830 3618 potest
849 3558 903 3597 nou
929 3535 966 3593 ad
993 3545 1140 3609 utrumque

55 3638 132 3716 ilud,
149 3640 225 3719 quod
243 3642 354 3718 publica
372 3653 401 3701 et
419 3642 547 3721 priuatim
566 3639 615 3711 fit,
634 3632 747 3708 referri,
766 3634 788 3691 si
807 3631 949 3709 superiora
967 3629 1006 3687 ita
1025 3627 1138 3703 capiun-

55 3741 104 3809 tur,
121 3735 160 3792 uti
178 3737 269 3811 posui.
302 3736 394 3793 Verba
413 3747 504 3793 autem
524 3740 565 3790 tot
584 3728 701 3805 luciferi,
720 3726 927 3803 mutuamina
944 3726 1042 3778 nostru
1058 3716 1139 3795 podas

53 3824 142 3887 hicat
166 3836 244 3885 certe
270 3826 421 3903 significare
448 3827 575 3883 uidentur
600 3823 717 3880 alterum
742 3829 834 3875 utrum
859 3833 1003 3873 numerum
1025 3811 1138 3889 pedum,

52 3932 92 3978 aut
110 3918 237 3994 distichi,
259 3928 308 3977 aut
326 3919 508 3997 pentametri:
536 3917 573 3973 de
598 3916 706 3973 senario
731 3927 846 3969 numero
871 3925 929 3965 aon
955 3916 997 3965 est
1016 3904 1139 3982 cogitau-

49 4013 120 4075 dum.
148 4014 280 4091 Pergjtur
299 4032 328 4075 ιι.
340 4013 398 4071 569
416 4030 480 4068 eum
498 4009 571 4069 diem
589 4009 654 4067 Xlll
669 4007 714 4065 uel
729 4003 780 4063 vu
794 4001 841 4059 ΚΡ
861 4000 915 4057 dici
931 3998 1051 4059 Feralia.
1081 3995 1138 4053 Ve-

45 4127 102 4169 rum
122 4107 208 4169 nullis
226 4108 255 4165 iu
273 4105 351 4165 fastis
369 4106 458 4163 altero
485 4113 547 4161 utro
575 4102 636 4159 loco
656 4117 691 4159 ea
709 4095 838 4176 reperies.
875 4092 977 4151 Mensis
996 4087 1137 4148 Februarii
