2550 4574
518 256 671 304 merome
1048 258 1154 307 mlx

44 414 126 474 dium
141 430 163 472 a
175 410 305 471 Varrone
319 410 459 489 accepisse
476 409 648 485 ribansbo,
666 408 750 468 etiam
768 405 837 465 illud
854 403 892 465 de
905 405 1067 468 doeemuirir
1084 428 1153 473 con·

45 510 123 567 sueti
143 506 249 565 ordinis
268 505 435 566 auctoribus.
473 504 547 563 Nam
563 504 663 576 Varro,
687 499 811 560 simodo
829 518 864 559 ex
882 501 934 559 illia
952 500 1153 581 dejntercala-
1194 560 1198 569 ,
1260 550 1264 557 .

46 602 139 661 tionis
160 599 269 675 origine
293 597 401 657 iudiciis
419 616 436 656 a
455 597 598 655 Macrobio
619 600 708 670 1,13,
727 615 759 674 p.
770 596 840 668 233,
858 594 917 652 234
934 602 1154 661 commemoratis

48 696 163 755 nullum
179 694 330 770 ignorauit,
349 710 412 750 cum
426 691 556 749 Fuluium
571 689 740 747 Nobiliorem
759 689 909 763 refelleret,
928 688 1096 769 doceretque
1110 696 1154 753 in·

49 788 220 847 tmoalatum
245 786 300 844 ianr
325 804 400 843 anno
422 783 463 845 V.
483 785 518 842 C.
538 787 593 840 281
621 781 656 841 1..
676 782 789 841 Pinario
806 781 990 858 Mamercino,
1014 782 1048 843 Ρ.
1067 788 1153 848 Furio

52 900 137 951 cors,
157 880 240 938 simul
253 879 447 956 Sempronium
461 875 635 934 Tuditanum
654 885 683 934 et
696 876 822 935 &osium
842 877 987 934 Hominem
1003 878 1154 957 redarguit,

55 977 103 1055 qui
121 972 300 1033 decemuiros
318 972 424 1049 legibus
442 968 593 1028 scribendis
612 980 738 1029 auctores
758 968 953 1049 prodiderantr
971 970 1053 1031 facile
1070 975 1155 1051 igitur

55 1079 115 1129 erat
134 1067 268 1146 suspicari
294 1065 345 1123 lros
370 1062 446 1122 alind
471 1062 539 1142 quid
565 1066 600 1120 ab
626 1064 834 1122 intercalatione
857 1080 913 1121 non
932 1064 1053 1123 ebenum
1070 1069 1154 1126 inno-

57 1180 147 1221 nasoe.
187 1160 304 1236 Scripsit
321 1158 439 1217 fortasse
454 1156 546 1216 Varro
567 1159 603 1213 ab
623 1157 664 1213 bis
682 1159 801 1234 primum
820 1156 1010 1214 intercalatum
1030 1178 1091 1218 esse
1107 1164 1153 1220 ia-

59 1264 100 1316 lsr
112 1272 236 1314 mm
249 1252 440 1325 Fumarium,
458 1254 507 1327 qui
523 1257 589 1309 lone
605 1257 676 1308 macl
688 1257 836 1320 masos,
855 1257 882 1308 ei
899 1252 970 1308 inter
982 1252 1052 1310 Kul.
1066 1258 1154 1314 Mur-

11 1408 16 1435 ·.
61 1352 127 1425 aas,
147 1366 220 1426 quoe
231 1346 346 1420 fumant
357 1348 473 1422 punam.
508 1346 585 1400 Haeo
597 1345 670 1401 enim
686 1344 771 1401 uerba
787 1362 822 1402 ex
834 1345 892 1402 eius
905 1347 1053 1422 epistolicis
1067 1366 1154 1425 quae·

11 1500 13 1511 ,
61 1444 191 1502 odonibus
218 1448 350 1517 excerpta
372 1439 495 1497 seruauit
515 1437 629 1495 Seruius
648 1436 684 1494 ad
703 1438 783 1514 Virg.
803 1454 848 1513 ge.
868 1443 898 1511 l,
911 1442 961 1511 43,
985 1441 1035 1499 sed
1055 1443 1154 1502 leuiter

64 1544 190 1613 corrupta
208 1534 264 1591 ita:
290 1550 361 1608 poue
380 1539 441 1590 uam
459 1537 540 1589 moal
557 1536 673 1607 priroue.
710 1530 816 1588 Verum
835 1531 864 1588 id
884 1532 934 1589 nisi
952 1552 998 1608 eo,
1015 1553 1072 1612 qao
1089 1545 1156 1596 ten-

67 1630 134 1704 taui,
151 1628 197 1687 uel
215 1628 271 1685 alio
288 1625 372 1684 modo
390 1623 570 1698 emendatur,
590 1625 742 1683 Varronem
761 1624 905 1683 credamus
923 1636 1034 1704 oportet
1051 1647 1155 1691 annum

67 1724 171 1781 Numae
189 1740 207 1780 a
225 1719 328 1777 Martio
347 1718 382 1775 ad
401 1718 584 1778 Februarium
602 1718 794 1776 decurrentem
812 1728 842 1776 et
859 1718 1015 1778 Ianuarium
1031 1741 1154 1784 mensem

68 1816 234 1875 undecimum
255 1813 306 1870 sibi
324 1811 453 1887 linaium,
481 1812 526 1869 cui
549 1811 607 1884 rei,
636 1823 666 1868 ut
684 1810 806 1889 Philerg.
826 1812 862 1871 ed
882 1813 958 1891 Virg.
982 1834 1026 1892 ge.
1046 1822 1077 1893 3,
1096 1823 1156 1878 304

69 1912 196 1984 omittam,
213 1924 279 1965 casa
300 1906 419 1982 quodam
437 1905 567 1963 conuenit
585 1905 663 1961 locus
682 1903 718 1962 de
736 1905 755 1965 l.
774 1905 797 1965 l.
811 1907 906 1981 331,
926 1909 972 1984 qui
991 1918 1083 1968 tamen
1103 1931 1155 1972 nec

70 2004 235 2061 coniecturae
254 2011 364 2057 normae
377 2002 484 2057 obstat:
505 1999 548 2056 sui
566 2000 639 2056 euim
657 2001 789 2075 temporis
805 1999 928 2058 ordinem
944 2016 1066 2080 usurpat.
1095 2006 1154 2065 Sed

72 2098 249 2173 cuiuscunque
264 2093 428 2150 sententiam
442 2091 559 2151 Ouidius
578 2093 606 2148 in
620 2092 689 2149 libro
705 2093 826 2150 secundo
844 2095 987 2170 expressit,
1007 2097 1155 2175 aliquando

74 2208 129 2249 eam
144 2189 272 2247 deseruit.
310 2186 382 2244 Nam
401 2187 430 2243 in
450 2187 520 2243 libro
539 2186 640 2262 primo,
660 2202 742 2262 quern
761 2187 850 2243 solum
869 2188 905 2243 ab
925 2206 959 2245 eo
977 2199 1156 2255 retractatum

77 2281 271 2354 demonstrabo,
298 2298 372 2337 uers.
391 2281 431 2337 44
450 2298 545 2336 omnes
571 2276 680 2336 codices
701 2288 811 2353 praeter
836 2278 904 2336 leuis
922 2285 1052 2342 momenti
1071 2288 1155 2346 inter·
1199 2302 1205 2317 '

78 2376 171 2451 polatos
197 2372 331 2451 quosdam
358 2373 476 2430 liabent:
505 2374 715 2449 praeposuitque
732 2369 811 2430 duos.
851 2373 940 2432 Huius
958 2396 1070 2457 quoque
1094 2402 1156 2442 mu.

79 2476 143 2526 tatae
153 2469 305 2525 sententiae
320 2467 344 2523 si
361 2477 460 2523 auctor
475 2465 650 2543 quaerendus
663 2474 717 2539 est,
735 2463 808 2523 dabo
821 2468 970 2545 Hyginum,
990 2476 1066 2534 euius
1080 2496 1155 2536 com-

10 2585 13 2594 ·
79 2564 209 2619 mentorios
228 2563 258 2619 in
270 2562 411 2636 Virgilium
427 2561 516 2631 (Geli.
529 2567 557 2634 1,
568 2560 618 2634 21)
636 2560 718 2636 paulo
737 2570 802 2617 ante
820 2560 909 2619 editos
929 2568 1053 2642 coniicio,
1073 2590 1156 2648 quam

10 2678 12 2686 ·
77 2654 109 2710 ab
119 2653 214 2712 Ouidio
232 2660 332 2713 unium
349 2653 490 2712 nudiores
507 2672 641 2713 ommium
657 2654 856 2731 appellaretur3
876 2658 944 2715 trist.
962 2663 1084 2727 3,14,7.
1111 2666 1156 2726 Ex

9 2780 12 2787 ⁴
72 2747 319 2807 liscommentariis
333 2749 405 2804 iuter
421 2748 517 2821 multa,
537 2767 610 2825 quoe
628 2749 774 2826 excerpsit,
792 2748 880 2806 lllaor.
894 2757 922 2823 l,
937 2755 966 2825 7,
985 2772 1014 2830 p.
1028 2758 1085 2813 217
1103 2756 1157 2815 hoo

9 2856 13 2865 ’
70 2842 183 2921 prolert,
200 2842 323 2900 Saturno
342 2850 372 2897 et
388 2841 455 2899 lano
475 2843 544 2900 duos
564 2843 708 2900 continuos
726 2860 833 2900 menses
851 2843 956 2902 dicatos
975 2864 1045 2904 esse.

139 2938 268 2994 Transeo
288 2933 325 2991 ad
342 2935 476 2991 mensium
502 2937 624 2994 nomina.
662 2936 706 2993 De
724 2936 850 2995 ianuario
870 2939 944 2995 nulla
963 2958 1084 3016 unquam
1103 2942 1157 3002 luit

64 3030 214 3089 dubitatio:
241 3028 278 3086 de
302 3027 369 3084 lano
394 3044 468 3103 quae
492 3026 609 3086 Ouidius
634 3030 826 3107 persequitur,
851 3031 915 3088 alibi
939 3032 1156 3108 explicabuntur.

59 3125 109 3183 De
126 3123 272 3182 Februarii
290 3121 400 3178 nomine
418 3120 555 3197 duplicem
574 3140 683 3180 causam
703 3121 822 3182 Ouidius
840 3123 938 3198 babet,
956 3125 1156 3188 iebruationem

60 3226 114 3275 aut
130 3209 371 3292 Lupercaliorom,
392 3231 463 3271 nere.
478 3219 533 3287 31,
559 3225 607 3272 aut
625 3217 807 3286 Feraliornm,
827 3234 899 3273 uers.
917 3221 964 3275 33.
1004 3222 1097 3279 Altera
1115 3234 1159 3282 est

59 3311 213 3382 Varronis,
236 3309 292 3366 uid.
312 3308 386 3366 del.
406 3309 425 3365 l.
445 3310 475 3382 6,
495 3312 534 3366 34
557 3320 586 3367 et
604 3310 748 3367 Censorio.
769 3328 794 3365 o.
808 3315 858 3383 22,
877 3329 906 3386 p.
922 3316 995 3386 121,
1014 3317 1092 3374 ouius
1111 3319 1158 3376 illa

59 3404 171 3462 nerbas
186 3400 313 3476 {mesum
331 3409 423 3459 noum
440 3421 495 3472 riou¹
514 3403 585 3462 idern
604 3418 796 3478 usquomtoqttc
815 3402 926 3478 dicitur,
942 3424 1011 3465 num
1028 3410 1110 3468 alitor
1127 3415 1157 3469 ln

56 3498 132 3557 aliia
151 3498 242 3555 sceris
258 3493 416 3566 fclmtnlor,
441 3496 610 3573 respondent
628 3496 771 3555 Ouidianis
797 3514 869 3554 uero.
888 3503 1027 3562 21-28.
1064 3505 1158 3564 Altera

55 3600 108 3651 ert
125 3590 218 3648 Fuluii
236 3588 370 3659 etiami,
392 3588 448 3645 uid.
468 3590 551 3648 Varr.
571 3590 591 3647 l.
608 3589 667 3646 ind.
688 3597 716 3646 et
734 3589 859 3649 Macrob.
879 3598 907 3666 l,
920 3599 955 3650 13
974 3614 1004 3673 p.
1018 3599 1092 3656 250:
1111 3599 1158 3656 lu-

55 3687 156 3747 muri
173 3690 265 3743 oedem
283 3701 314 3740 eo
332 3701 423 3741 mense
440 3684 577 3741 claritatem
594 3701 702 3742 assesso
718 3691 793 3754 mol,
813 3704 866 3761 qrto
885 3690 1015 3763 instituit,
1033 3697 1066 3749 sti
1083 3694 1159 3750 msto

57 3778 119 3839 aa·
135 3777 266 3836 moedus
283 3776 462 3835 comnenae.
500 3777 544 3835 De
563 3777 663 3834 Martio
683 3796 776 3836 meuse
800 3781 951 3838 sententiae
970 3781 1043 3840 duae
1060 3784 1160 3843 leuiter

58 3870 256 3947 discrepantes
274 3872 311 3928 ab
324 3870 430 3929 Ouidio
449 3871 548 3928 auxilio
566 3872 703 3948 opinionis
723 3873 801 3929 istius
820 3870 855 3928 de
873 3890 947 3931 anuo
961 3875 1072 3934 Romuli
1092 3896 1160 3936 con·

59 3964 195 4021 cilientnr
214 3968 244 4038 3,
253 3965 303 4039 97,
316 3965 371 4021 98:
392 3964 496 4039 altera,
514 3982 600 4022 neres.
619 3963 744 4022 'ra-77
763 3966 970 4041 comprehensa,
990 3981 1049 4028 erat
1068 3971 1160 4029 Fuluii

62 4065 93 4115 et
110 4056 196 4130 lunii,
215 4055 273 4113 nid.
286 4057 403 4117 Censor.
419 4062 469 4133 22,
482 4076 512 4135 p.
523 4059 594 4133 1193
613 4059 701 4118 altera
714 4058 857 4133 Varronis,
876 4078 911 4118 ex
927 4079 983 4138 quo
998 4082 1071 4143 quae
1085 4064 1160 4121 Cen-

61 4151 174 4210 sorinus
192 4149 248 4211 bl.
261 4168 291 4228 p.
303 4153 361 4208 120
377 4160 409 4211 et
424 4153 487 4210 eine
504 4148 589 4208 dubio
607 4150 722 4209 Verrius
738 4150 855 4211 Flaccos
872 4154 900 4211 iu
918 4152 1031 4234 laedgio
1047 4156 1160 4215 tabulae
