2550 4574
351 222 357 232 Κ
462 262 763 316 connumerasse
1010 273 1156 328 aomar

77 418 114 478 rit
124 421 157 494 8,
169 416 210 477 34
227 424 259 476 nt
276 415 336 476 siue
351 414 406 474 alio
419 411 500 475 firmo
518 415 657 494 praesidio
675 418 737 477 illos
750 417 905 498 sequerert
930 420 1053 490 Quande
1067 426 1166 492 dece·-

77 520 132 577 rmt
150 507 227 588 quod
247 526 333 587 saepe
349 508 402 585 fit,
426 507 608 568 Arundeliaai
626 512 714 569 maior
732 513 884 590 meliorque
900 502 973 575 solet
989 516 1059 578 fides
1079 540 1156 586 esser

77 602 190 680 xesnplo
209 609 252 660 est
268 605 378 677 2,274,
395 603 483 677 locus,
502 611 534 661 nt
552 601 619 660 milri
638 602 760 680 uidetur,
778 615 934 684 corruptus.
966 608 1156 678 Quamobrem

77 690 313 771 ’,8811000949
333 694 440 753 leuibus
465 696 493 753 in
518 697 602 755 rebus
621 696 799 757 Amndeliani
825 701 1018 761 anctoritatem
1042 705 1155 767 admisit

77 786 436 866 ’,89250οι1ιοοἰοἀ000.
473 788 526 847 Est
540 791 623 848 enim
648 791 696 849 ubi
714 798 743 850 et
767 792 790 849 is
816 791 1004 853 difficultatem
1023 800 1156 876 suspicio·

77 898 120 939 nm
142 881 171 939 in
190 880 304 939 modum
323 880 435 968 delinit,
454 887 486 957 2,
498 885 564 941 499.
602 880 730 941 Vossiani
748 884 915 962 elegantias,
940 887 1018 946 uelut
1035 894 1066 966 2,
1079 891 1155 968 5⁵13

77 977 175 1050 ‚³713
194 976 289 1050 6,-78,
310 973 392 1034 ualde
409 976 521 1035 amabat
533 976 672 1035 Heinsius.
700 977 763 1055 Ego
782 978 933 1055 siquando
952 979 1027 1038 bunc
1045 985 1155 1061 potissi·

77 1086 133 1126 rum
152 1067 252 1125 librum
270 1077 380 1125 secutus
395 1085 467 1142 sum,
485 1068 589 1127 factum
602 1067 631 1126 id
646 1078 689 1127 est
707 1071 736 1128 in
754 1071 821 1129 locis
833 1070 977 1149 eiusmodi,
995 1074 1070 1152 uto,
1081 1080 1154 1155 1313

77 1161 168 1232 tm,
188 1161 236 1219 ubi
255 1160 301 1220 uel
319 1161 589 1239 interpolatissimum
608 1163 736 1241 quemuis
754 1162 899 1222 admittere
917 1165 988 1231 ratio
1007 1164 1114 1228 suisset.
1182 1166 1197 1211 i

133 1257 163 1315 4.
191 1256 391 1332 Fragmentum
409 1253 464 1312 lli
466 1254 618 1315 eldense
636 1257 737 1334 insigni
755 1257 948 1316 beneuolentia
965 1250 1154 1323 transmissum

77 1350 143 1409 abui
161 1367 179 1408 a
197 1348 372 1408 Wiedascbio
392 1349 452 1408 uiro
471 1346 645 1410 doctissimo:
676 1367 711 1408 ac
734 1351 816 1409 liceat
838 1348 893 1409 lroc
916 1351 979 1410 luco
997 1357 1153 1432 argumenti

77 1443 225 1503 imitatem
250 1442 334 1501 animi
356 1441 500 1518 gratissimi
519 1442 691 1521 professione
708 1443 886 1521 interpellare
909 1441 995 1522 idque
1011 1458 1152 1526 repetere,
1245 1434 1248 1443 ¹

77 1534 131 1595 uod
150 1553 214 1593 cum
233 1535 369 1595 creditum
388 1534 548 1594 dresaurum
565 1530 735 1595 remitterem
753 1535 886 1610 testabar,
904 1538 1036 1598 maimem
1054 1541 1153 1602 buma-

77 1627 288 1689 itatistrnctum
307 1647 354 1687 me
376 1629 534 1707 percepisse
557 1647 592 1689 ex
615 1638 696 1688 tanta
718 1618 899 1703 liberalitate,
923 1648 1008 1707 quarn
1029 1633 1059 1693 in
1081 1633 1153 1695 haee

77 1722 146 1781 udin
171 1723 295 1781 utilitatis
319 1722 384 1781 inde
409 1721 592 1798 redundabit,
616 1721 691 1800 quod
717 1730 813 1779 tamen
837 1720 985 1798 plurimum
1009 1731 1062 1784 est.
1106 1725 1153 1786 Ex

77 1815 271 1877 Ι’011001ιο0100ιί
292 1817 442 1894 scriptione
464 1815 584 1895 quadam
606 1815 770 1874 scholastica
788 1815 854 1873 anui
875 1816 950 1875 1765
970 1816 1151 1896 iampridem

77 1923 190 1988 merum
209 1927 271 1985 esse
285 1910 391 1988 aliquot
407 1911 497 1967 bonae
510 1909 689 1967 membranae
706 1907 774 1966 lolia
793 1908 820 1965 in
839 1907 982 1969 inuoluere
1000 1913 1071 1971 sacti
1088 1931 1152 1973 cor-

77 2004 131 2063 uris
148 2004 280 2078 iuuenta,
304 2004 391 2060 mirae
410 2005 564 2061 uetustatis.
603 2004 738 2080 depectus
764 2010 825 2060 erat
849 2001 1006 2062 miserabilis
1024 2005 1151 2082 plagula-

141 2105 205 2155 octo
230 2086 260 2154 in
286 2095 404 2154 sedecim
429 2106 546 2155 octonae
564 2095 675 2154 minoris
701 2093 809 2154 formae
832 2093 900 2153 solia
925 2098 1151 2175 complicatorum

77 2190 156 2249 ribus
170 2188 382 2248 confluebautur
400 2207 496 2247 uenus
515 2189 595 2246 buius
614 2188 740 2246 carminis
759 2205 778 2247 a
796 2192 827 2262 2,
839 2187 897 2245 568
916 2186 952 2247 ad
970 2192 1070 2264 ³,204
1086 2200 1160 2250 rur-¹

77 2300 158 2362 sque
176 2282 240 2341 libri
257 2284 289 2357 t,
303 2285 361 2340 317
376 2281 413 2340 ad
427 2285 502 2357 8143
521 2280 647 2340 adiectae
665 2290 812 2360 praeterea
831 2290 911 2340 000οι
929 2282 1044 2342 laciniae
1061 2285 1152 2346 mino·

77 2396 97 2437 u
117 2386 184 2435 octo
202 2375 319 2434 duorum
338 2376 457 2434 triumne
475 2373 803 2453 digitorumflatitudinet
823 2374 916 2451 omnia
933 2377 1059 2453 quamuis
1077 2378 1150 2437 indi·

77 2472 189 2531 ritatem
206 2480 236 2528 et
250 2469 442 2527 contumeliam
459 2485 600 2547 perpessa.
632 2468 806 2546 Frequentes
824 2485 936 2527 rasurae
953 2477 984 2527 et
1001 2473 1150 2532 correctio·

77 2583 101 2626 Ι
112 2573 153 2623 ‘et
170 2563 268 2633 uariae
283 2563 439 2641 scripturae
457 2563 594 2641 ascriptae
605 2571 642 2622 et
660 2562 826 2640 glossemata
839 2578 856 2619 a
869 2570 978 2639 septem
991 2564 1031 2622 uti
1041 2563 1149 2625 Noum-

77 2655 200 2719 stlterus
217 2656 359 2727 iudicauit,
379 2666 410 2715 ut
422 2656 487 2714 milri
506 2657 596 2715 uisum
611 2665 655 2715 est
673 2654 794 2734 quatuor
811 2653 926 2713 deensis
944 2656 1069 2717 manibus
1080 2679 1149 2738 pro·

77 2761 128 2811 cta
145 2749 230 2809 fidem
247 2749 388 2809 iaciebant
398 2750 521 2809 studiose
539 2750 692 2809 lectitatum
705 2756 735 2808 et
748 2757 894 2807 tractatum
915 2750 1043 2809 uolumen
1060 2749 1149 2811 inisse

77 2863 116 2905 ln
136 2845 275 2922 integrum
293 2855 380 2904 esset:
401 2861 492 2922 neque
510 2843 564 2901 hoc
581 2843 640 2903 sine
658 2829 878 2920 magno'lrorutn
896 2843 1049 2901 studiorum
1061 2843 1148 2903 detri-

77 2947 161 3013 ento,
180 2947 212 2997 ut
229 2937 364 3016 intelliges
378 2956 413 2997 ex
426 2937 565 2995 annotatis
580 2936 657 3007 meis,
677 2936 724 2994 ubi
742 2936 808 3014 quid
823 2953 935 3015 quoque
952 2937 1015 2995 loco
1031 2935 1148 2996 dbcerni

77 3031 178 3091 »metit
194 3039 244 3089 ant
262 3032 435 3110 nequiuerit,
453 3029 550 3088 sedulo
568 3029 697 3088 indicaui.
737 3030 880 3098 Quantum
898 3028 1063 3106 adtempus
1080 3029 1148 3087 scri·

77 3124 157 3184 iouis
175 3126 284 3200 attinet,
303 3126 331 3184 in
350 3125 504 3183 litterarum
522 3123 613 3182 forma
628 3133 712 3202 atque
724 3124 809 3181 ductu
828 3122 895 3180 nihil
913 3121 974 3181 lere
991 3120 1147 3201 deprehen·

77 3219 165 3293 mam,
184 3219 251 3296 quin
269 3220 298 3277 in
317 3220 393 3279 libris
411 3217 515 3277 saeculi
533 3216 688 3277 duodecimi
708 3214 970 3274 animaduertissem.
1006 3219 1147 3293 Agnosce·

77 3330 118 3371 nn
136 3323 256 3391 quatuor
273 3312 447 3371 librariorum
466 3330 579 3382 manus,
603 3311 720 3389 primam
739 3326 814 3387 quae
837 3308 917 3368 desiit
934 3309 1024 3387 prima
1041 3310 1146 3387 pagina

95 3421 184 3463 uersu
201 3404 276 3464 5892
301 3408 433 3484 postremi
457 3415 513 3464 tres
538 3413 693 3482 quatuorue
716 3419 814 3462 uersus
831 3401 986 3461 festinantis
1005 3402 1042 3462 ad
1061 3403 1146 3463 finem
1196 3468 1198 3473 ,

77 3498 132 3559 ensi
150 3499 285 3558 minorem
305 3519 400 3558 curam
419 3499 589 3577 arguebautt
616 3496 689 3556 redit
712 3495 810 3555 eedem
833 3512 931 3557 manus
948 3514 1014 3574 pag.
1034 3515 1146 3556 nonae

77 3611 137 3652 ersa
155 3594 212 3650 841
231 3591 373 3652 dimidiato
392 3611 481 3671 usque
499 3592 535 3651 ad
554 3610 623 3671 pag.
643 3589 806 3649 undecimae
822 3588 905 3648 finem
926 3609 955 3648 u.
967 3592 997 3665 8,
1007 3592 1056 3649 40.
1085 3590 1146 3648 alia

77 3703 169 3760 auus,
194 3686 245 3743 nisi
266 3686 340 3744 forte
359 3685 456 3744 eadem
476 3695 517 3745 est
537 3684 676 3763 argutiore
695 3685 882 3758 talemense,
901 3683 1011 3762 scripsit
1029 3683 1146 3761 paginas

77 3823 80 3847 .
94 3781 170 3854 8,·1,
181 3782 213 3853 8,
226 3781 245 3836 0
264 3778 300 3836 ad
320 3797 429 3836 uersum
445 3786 475 3856 2,
485 3782 541 3839 841
562 3778 731 3836 dimidiatum
746 3778 893 3836 laxioribus
906 3777 950 3835 hic
963 3795 1075 3855 quoque
1093 3777 1145 3836 sub

77 3889 136 3931 rem
154 3872 251 3930 litteris
269 3882 298 3932 et
318 3892 400 3931 uersu
418 3877 477 3932 840
494 3891 563 3951 prae
581 3872 756 3931 festinatione
774 3870 886 3946 omaso,
904 3869 977 3930 redit
993 3888 1024 3947 p.
1034 3875 1083 3944 12,
1097 3875 1144 3940 18,

77 3962 222 4040 1,15,16,
241 3952 341 4026 deinde
359 3987 389 4045 p.
400 3970 439 4024 27
458 3975 487 4024 et
505 3986 536 4043 p.
548 3968 597 4040 30,
609 3969 657 4023 31.
689 3965 789 4023 Tertia
805 3982 904 4023 manus
921 3963 1017 4040 incipit
1029 3981 1048 4021 a
1060 3981 1144 4035 uersu

77 4075 116 4137 tg.
128 4060 236 4137 primae
249 4061 319 4138 590,
338 4060 437 4119 desinit
449 4059 478 4117 in
491 4059 567 4116 calce
581 4076 647 4136 pag.
660 4058 809 4134 secundae,
829 4055 900 4117 redit
911 4075 997 4135 pagg.
1008 4054 1143 4131 17-25,

97 4152 250 4227 cniusiine
268 4164 299 4215 et
317 4155 379 4233 ipsa
392 4152 530 4215 delassata
543 4149 661 4213 uidetur.
690 4150 800 4223 Quarta
817 4156 861 4211 est
877 4150 905 4209 in
925 4167 1009 4230 pagg.
1019 4149 1143 4226 abac,

85 4262 135 4318 01.
146 4264 219 4316 reu.
232 4263 324 4324 treug.
878 4234 903 4307 S
965 4320 968 4325 ι
