2550 4574
382 242 390 249 ·
490 246 715 298 asraonornca
859 228 862 233 ’
1087 254 1161 305 uxr

59 405 129 460 c12
147 399 248 461 Fidius
273 410 332 477 est,
355 409 406 460 aut
429 420 482 480 pro
506 399 590 461 Didio
616 401 745 461 Porcium
770 399 928 476 sufficiunt,
953 405 1019 485 quia
1037 407 1160 473 Velleius

10 491 26 539 h
62 497 141 570 ²³¹⁶
161 495 294 555 Porcium
314 496 451 554 Catonem
476 497 617 554 consulem
642 506 708 574 post
724 496 859 556 Rutilium
879 499 979 558 eodem
997 500 1076 578 lato,
1100 523 1160 583 quo
1265 542 1270 568 ι

62 588 145 665 llum,
171 608 254 647 usum
273 588 379 648 refert:
406 607 462 647 non
482 589 579 667 utique
596 591 733 668 pessime,
760 592 784 649 si
803 590 886 650 modo
905 593 969 652 libri
988 593 1159 658 addicerent.

64 679 122 740 llibi
139 682 301 742 coniectura
318 683 346 739 in
365 691 488 741 mentem
507 683 574 743 olim
594 684 681 757 uenit,
700 684 777 743 cuius
797 703 833 743 ne
848 704 922 743 nunc
940 685 1052 765 quidem
1070 688 1160 768 pude-

65 786 109 851 ret,
126 773 150 833 si
169 776 208 834 de
225 775 312 834 Didio
327 775 402 835 Saxa
415 776 531 835 Acconis
550 787 579 835 et
599 777 730 855 Crucquii
748 778 912 837 scholiastae
933 779 968 837 ad
990 781 1060 842 Hor.
1073 801 1159 843 cmm.

64 871 87 940 ³,
103 869 130 939 6,
148 870 170 927 9
189 870 346 928 testimonia
366 869 460 928 ualere
486 880 601 949 possent
626 881 723 930 contra
740 871 858 930 Dionem
878 873 929 947 47,
949 871 986 931 35
1009 882 1038 933 et
1056 875 1161 954 Appia·

10 1026 12 1031 ,
61 977 119 1019 num
138 962 167 1020 h.
188 962 292 1037 ciu.⁴4,
306 965 360 1038 873
381 966 447 1022 102.
486 963 585 1042 ltaque
609 983 665 1023 non
689 963 779 1024 habeo
804 965 881 1045 quod
904 964 1013 1025 dehoc
1031 966 1095 1025 locb
1114 968 1159 1027 iu-

10 1044 30 1081 ⁵
59 1053 158 1113 dormo
186 1053 333 1114 Niebuhrii
357 1055 395 1115 de
413 1054 516 1116 Ouidio
541 1056 642 1116 iudicio
668 1067 755 1133 utor,
781 1059 838 1117 uid.
859 1058 1000 1119 birtilo.
1020 1060 1160 1140 3,p.³h.

10 1212 14 1219 ,
58 1147 97 1207 hs
113 1148 252 1208 Postumii
270 1149 391 1208 Tuberti
416 1150 555 1229 triumpho
575 1171 604 1209 ιι.
620 1153 676 1209 721
696 1172 724 1212 a.
745 1150 776 1213 d.
794 1152 859 1210 Xlll
876 1150 925 1210 Kl'
945 1151 997 1211 lul.
1024 1153 1091 1213 satis
1117 1162 1162 1214 est

10 1216 18 1264 ἰ
56 1242 88 1301 rrl
105 1242 295 1302 Niebuhriurn
314 1242 344 1301 h.
358 1243 395 1303 R.
408 1248 440 1319 2,-
452 1244 511 1303 510
529 1244 669 1322 ablegare.
707 1243 807 1317 Diem,
832 1265 888 1324 quo
907 1245 943 1304 ad
963 1246 1159 1307 Trasimenum

55 1346 211 1414 pugnatum
237 1345 281 1395 est
300 1355 329 1395 u.
345 1339 404 1395 768
422 1338 514 1415 potuit
539 1348 624 1416 poeta
647 1346 774 1396 notatum
801 1339 926 1396 inuenire
949 1339 1024 1416 apud
1042 1339 1161 1400 Fabium

53 1427 204 1500 Pictorum,
222 1448 307 1509 quem
326 1430 421 1489 Liuius
439 1450 552 1510 quoque
571 1432 630 1490 eius
649 1449 761 1509 pugnae
779 1431 949 1509 potissimum
970 1442 1111 1492 auctorem
1129 1451 1162 1493 se

51 1522 184 1583 habuisse
203 1523 310 1583 fatetur
326 1530 377 1599 22,
386 1528 416 1586 7.
453 1525 499 1583 De
518 1536 601 1604 capto
616 1523 747 1602 Syphace
765 1543 795 1582 u.
809 1525 866 1582 769
884 1524 947 1600 lege
964 1523 1028 1581 Liu.
1044 1529 1160 1602 30,12=

55 1616 97 1676 ds
117 1626 207 1675 morte
219 1616 413 1694 Hasdrubalis,
432 1639 461 1677 u.
473 1622 542 1694 770,
562 1619 628 1677 socii
647 1619 707 1676 cius
724 1617 790 1675 nihil
810 1616 943 1675 traditur:
963 1618 1077 1696 paulum
1095 1620 1163 1678 abc·

50 1721 120 1786 rat,
144 1720 177 1770 nt
198 1710 239 1769 ‘de
260 1729 295 1770 ea
314 1712 443 1770 certiores
461 1711 590 1771 fieremus
610 1731 645 1769 ex
663 1712 759 1771 Dionis
778 1711 866 1769 Cassii
884 1708 1048 1788 fragmentis
1069 1731 1162 1792 nuper
1210 1706 1213 1713 “
1245 1715 1249 1726 “

49 1806 175 1865 &nnn
191 1822 210 1863 a
228 1804 277 1865 Fr.
298 1805 400 1863 llaasio
418 1805 468 1863 illo
486 1815 582 1863 nostro
602 1823 639 1863 ex
657 1804 722 1863 cod.
741 1804 808 1864 Par.
828 1802 918 1863 editis.

132 1900 227 1976 Atque
242 1897 379 1977 hactenus
391 1898 503 1977 quidem
521 1898 557 1957 de
575 1897 722 1973 historicis,
739 1916 812 1976 quae
831 1897 944 1957 carmini
963 1898 1079 1958 intexuit
1091 1898 1163 1959 Oui·

49 1993 129 2053 dius.
163 1991 264 2051 Tertio
283 1993 345 2050 loco
364 1984 506 2051 stellarum
524 2001 602 2052 onus
618 2001 647 2052 et
661 2010 774 2052 occasus
794 1993 934 2050 enarrauit
951 1991 980 2050 in
998 1991 1087 2067 fasbs,
1105 1992 1164 2070 pri-

49 2107 117 2148 mus
146 2085 259 2165 quidem
284 2085 411 2149 tortasse.
457 2087 502 2145 Dc
521 2087 643 2146 Caesare
668 2085 733 2144 dict.
755 2085 875 2144 dubitari
902 2101 970 2143 sane
994 2084 1100 2162 possit,
1125 2101 1162 2142 an

50 2184 77 2242 is
96 2199 174 2261 quae
191 2179 229 2238 de
246 2180 389 2239 stellarum
409 2179 638 2239 uicissitudinibus
660 2180 779 2259 plurima
798 2178 912 2254 docuit,
931 2195 966 2235 ea
985 2175 1164 2235 annotauerit

52 2279 84 2334 in
104 2276 241 2334 fastorum
265 2274 360 2331 tabula
386 2291 455 2334 ase
474 2275 635 2354 proposita,
662 2271 896 2351 quemadmodum
921 2268 949 2328 id
972 2268 1004 2326 frt
1027 2269 1056 2326 in
1074 2268 1163 2327 multe

55 2369 244 2446 posteriorum
263 2368 420 2426 tabularum
439 2368 600 2446 fragmentis
615 2385 687 2445 quae
702 2375 824 2424 restant:
845 2364 956 2423 uidetur
974 2363 1002 2421 itl
1021 2362 1097 2421 iocus
1118 2362 1165 2422 ille

56 2463 217 2535 Ciceronis,
234 2459 309 2520 Plut.
324 2463 405 2521 Caes.
418 2461 473 2520 59:
492 2456 525 2519 ix
544 2450 755 2537 διατάγματος
775 2460 905 2538 probare.
939 2455 1004 2515 Non
1025 2466 1108 2515 uacat
1127 2455 1164 2515 de

59 2573 99 2614 ea
119 2572 237 2613 renunc
255 2573 409 2634 quaerere3
435 2553 503 2613 illud
522 2555 595 2613 enim
615 2565 720 2613 certum
745 2566 804 2626 est,
831 2551 964 2612 Ouidium
984 2556 1011 2620 l,
1031 2554 1088 2608 310
1106 2567 1164 2608 non

62 2666 125 2707 esse
143 2647 348 2726 intelligendum
368 2648 404 2707 dc
423 2646 544 2707 Caesare
563 2646 717 2722 dictatore,
737 2649 815 2707 cuins
834 2646 1060 2707 obseruationem
1080 2644 1164 2701 raris·

63 2743 130 2801 sime
148 2751 233 2820 poeta
249 2743 383 2820 sequitur.
415 2741 460 2800 De
476 2740 579 2801 Ouidio
598 2751 758 2800 astronomo
777 2741 899 2799 libellum
919 2738 1028 2817 scripsit
1041 2736 1164 2795 ldelerus

66 2836 106 2893 oir
122 2835 246 2912 doctiss,
264 2835 368 2897 editum
388 2837 417 2894 in
431 2835 524 2895 annal.
537 2833 617 2895 acad.
632 2835 728 2895 Berol.
745 2838 820 2893 182³
836 2854 865 2913 p.
879 2835 935 2891 137
947 2851 1003 2910 sq,
1024 2850 1080 2910 quo
1095 2849 1165 2909 poe·

66 2937 120 2986 tam
138 2949 194 2988 non
213 2948 277 2988 raro
295 2928 495 3006 ignarissimnm
514 2947 625 3004 rerum,
651 2947 720 3007 quas
743 2930 891 3002 tractauit,
920 2926 1005 2984 fnisse
1024 2943 1166 2983 common-

68 3032 177 3081 stratum
196 3023 256 3081 init.
294 3022 399 3100 Negari
425 3040 481 3082 non
505 3031 599 3101 potest
622 3024 708 3081 semel
733 3023 858 3101 gmuiter
876 3037 940 3077 eum
959 3034 1107 3094 peccasses
1134 3016 1163 3074 in

70 3113 173 3191 reliquis
197 3124 292 3175 tamen
318 3116 435 3175 anobis
460 3134 535 3174 nunc
559 3113 745 3189 defendetur,
773 3115 859 3172 etita
878 3108 1061 3183 defendetur,
1090 3108 1166 3166 utia
1237 3108 1247 3129 ‘

72 3205 201 3285 philologo
227 3214 390 3286 exspectare
414 3208 504 3268 decet.
541 3208 616 3265 Nam
635 3206 710 3284 quod
735 3205 887 3279 illedixit,
915 3204 1110 3280 grammaticus
1130 3201 1166 3260 de

10 3314 24 3349 ἱ
73 3296 159 3358 litteris
176 3309 220 3359 est
238 3301 465 3381 interrogandus:
483 3302 520 3362 de
540 3303 633 3361 ouium
652 3300 780 3357 dentibus
800 3299 945 3376 opiliones.
983 3295 1166 3354 Demonstra-

10 3390 30 3445 ὁ
74 3390 151 3450 bimus
169 3404 262 3454 certos
280 3406 406 3454 auctores
424 3395 543 3454 fideliter
562 3392 694 3453 Ouidium
715 3400 877 3451 tantumnon
907 3388 1009 3466 ubique
1027 3397 1165 3463 secutum,

74 3485 112 3560 qui
128 3488 151 3544 si
169 3498 369 3565 peccauerunt,
389 3508 479 3568 neque
497 3486 526 3546 id
545 3486 582 3546 ad
601 3485 743 3544 Nasonem
763 3484 938 3563 pertinebat,
958 3500 1050 3560 neque
1069 3489 1166 3539 nostra

75 3578 146 3638 ualde
162 3580 326 3658 interioret,
352 3584 403 3642 nisi
422 3599 537 3661 operam
556 3580 592 3638 ab
611 3578 718 3637 ldelero
737 3576 824 3636 semel
844 3577 1025 3651 collocatam,
1045 3574 1166 3631 ubicun-

74 3687 121 3747 qne
138 3672 165 3730 id
183 3673 244 3733 lieri
263 3683 365 3753 potest,
385 3674 420 3733 ad
439 3683 534 3754 partes
553 3691 655 3733 uocare
674 3689 844 3749 cogeremur.
879 3664 1078 3737 Difficillimum
1097 3666 1165 3725 luis·

10 3770 38 3819 ιε
74 3774 118 3839 ret,
134 3768 218 3825 immo
238 3786 379 3845 nunquam
397 3768 458 3826 fieri
476 3767 621 3846 potuisset,
641 3773 673 3824 ut
687 3764 805 3825 Ouidius
824 3763 859 3822 ad
879 3782 923 3834 ea,
943 3780 1016 3841 quae
1030 3761 1166 3837 requitur,

12 3857 39 3912 It
73 3858 226 3936 mirmur,
244 3861 297 3919 nisi
315 3880 389 3919 auno
405 3880 461 3919 uno
474 3871 537 3940 post
551 3861 683 3939 scriptum
699 3857 799 3916 ldeleri
817 3858 938 3915 libellum
953 3865 1032 3913 uetus
1048 3853 1168 3930 scriptor

10 3964 39 4003 ν’
72 3954 164 4029 publici
192 3955 259 4012 iuris
282 3955 373 4013 lactus
390 3964 480 4029 esset,
509 3953 557 4031 qui
582 3954 609 4011 in
630 3952 683 4010 hac
708 3962 788 4029 parte
813 3949 906 4025 idem,
932 3959 980 4009 aut
1004 3948 1067 4026 plus
1088 3947 1168 4004 nobis

10 4052 39 4097 ¹¹⁵
70 4048 210 4122 praestitit,
232 4066 317 4125 quam
335 4049 365 4106 in
383 4049 527 4127 superiore
546 4049 564 4119 5
584 4045 650 4104 lasti
667 4044 801 4121 Pighiani.
841 4045 1033 4120 Quaecunque
1053 4049 1167 4119 practer

10 4148 37 4194 e
68 4136 138 4198 illum
163 4151 386 4203 astronomorum
411 4141 543 4222 reliquiae
568 4146 683 4215 extant,
701 4138 895 4214 Graecorum,
913 4133 1082 4221 Democriti,
1100 4130 1167 4190 Plri-
