2550 4574
532 253 697 305 mannaan
942 222 944 227 ’
1086 256 1194 315 xxxi,

63 426 118 469 uon
136 405 277 467 absolutis
293 404 326 465 iis
339 404 389 484 qui
408 413 530 467 restatur
548 405 585 465 de
604 425 660 485 qua
677 423 712 466 re·
726 405 799 465 infra
814 405 925 468 uberim
942 407 1089 469 dicendum
1107 408 1169 482 enit.

64 505 118 563 iam
137 519 215 561 nnnc
234 510 327 559 amen
344 517 457 558 meum.
930 562 933 569 ,
1238 498 1243 505 ’

140 593 260 655 Ouidius
277 610 365 670 saepe
377 592 414 651 ad
427 593 502 671 ipsos
515 590 602 651 fastos
614 591 725 670 publica
737 595 902 653 auctoritate
915 596 1070 672 propositos
1082 597 1169 657 lecto·

70 706 130 749 rem
145 707 223 748 nrum
241 687 373 760 remittit,
399 687 476 746 uelut
495 685 579 760 illics
591 687 638 745 nbi
662 687 699 745 de
716 687 825 746 dierum
842 687 998 747 discrimine
1017 693 1169 766 generatim

74 783 196 860 exponit,
215 781 264 840 lib.
276 787 304 838 l.
322 798 341 838 a
364 799 437 840 uem.
455 781 505 839 45.
544 780 625 848 Quos
643 779 747 838 indicat
765 780 844 854 dies,
869 789 934 843 sunt
952 772 1070 857 nefasti,
1092 785 1168 862 inuti,

10 907 14 939 ι
74 874 167 935 nefasti
190 893 226 934 ex
250 884 333 952 parte
356 874 460 952 priori,
488 893 518 931 us
534 874 680 948 «ie-⁵2,
707 874 857 933 comitiales
877 892 906 932 u.
922 873 979 949 53,
1005 876 1169 939 nundinales

10 1017 15 1034 ‚
74 968 161 1043 uns,
180 969 234 1026 atri
254 969 461 1026 unffi-60..
479 969 587 1026 Horum
605 966 641 1026 de
658 967 852 1026 nundinalibns
871 967 990 1044 primurn
1008 987 1098 1045 pauca
1117 991 1168 1033 no-

10 1103 18 1116 .
75 1061 145 1134 nto,
163 1079 237 1140 qnae
255 1060 348 1120 adhuc
366 1063 461 1138 ignota
477 1072 557 1140 puto,
575 1061 642 1138 quia
659 1078 757 1118 eorum
775 1070 842 1117 nota
862 1060 960 1137 quouis
979 1060 1025 1119 die
1042 1064 1072 1122 in
1090 1065 1169 1127 sast'u

76 1154 188 1231 ponitur.
226 1153 349 1215 Orellius
375 1155 470 1213 docuit
489 1171 583 1212 earum
603 1153 757 1211 litterarum
775 1154 887 1227 a—H,
908 1171 981 1230 qnae
999 1173 1052 1232 per
1071 1177 1168 1221 omnes

78 1265 174 1307 memes
197 1248 351 1327 iterantur,
375 1237 560 1307 nundinarum
582 1246 758 1304 interuallum
785 1249 998 1324 repraesentari.
1043 1251 1105 1309 Hoc
1131 1271 1168 1314 ex

80 1339 185 1399 Vnron.
204 1339 242 1400 de
259 1359 292 1400 re
311 1349 380 1400 rust.
397 1347 417 1398 2
435 1342 494 1398 init.
514 1339 621 1418 pridem
635 1340 747 1416 Pighius
762 1348 792 1397 et
804 1339 930 1416 Scaliger
948 1353 1096 1417 nouerant,
1116 1363 1169 1405 nac

10 1445 28 1500 fl
80 1451 139 1511 epm
163 1443 225 1492 erat
249 1446 366 1514 propter
383 1434 537 1494 Blanchinii
564 1433 667 1511 placita
694 1442 802 1490 tantum
826 1433 1028 1511 pulcherrimae
1053 1437 1169 1499 chartae

10 1538 29 1599 a]
80 1528 165 1604 perire.
203 1527 279 1587 Nam
298 1529 409 1588 mhema
428 1526 585 1587 coniectum
609 1535 653 1585 est
671 1528 707 1584 ab
727 1524 848 1599 Oreliic,
873 1547 930 1604 quo
953 1541 1122 1608 appareret,
1145 1534 1171 1598 si

10 1647 31 1683 ι
80 1619 201 1681 Kalends
218 1621 353 1683 Ιοοοονίἰο
367 1620 507 1679 nundinae
525 1621 632 1699 primae
650 1619 784 1695 fuissent,¹
799 1620 900 1679 deinde
916 1623 1055 1698 proximas
1073 1624 1101 1681 iu
1116 1644 1170 1684 no·

10 1740 30 1776 n
78 1731 135 1773 a·
158 1713 231 1774 diem
257 1715 285 1774 V
304 1715 347 1783 ld,
364 1716 423 1774 lan.
442 1713 585 1787 incidisse,
612 1723 697 1791 atque
722 1715 762 1772 ita
788 1713 929 1792 deinceps.
972 1715 1092 1791 Mirum,
1117 1719 1170 1778 nisi

10 1829 23 1866 a
72 1805 187 1869 Orellins
205 1813 318 1887 putauit
335 1808 617 1885 litteramdsernper
635 1807 772 1873 nundinas
790 1808 953 1884 significare.
982 1809 1068 1878 Quod
1084 1811 1169 1888 longe

10 1922 19 1956 n
67 1921 144 1962 senna
162 1912 217 1963 est.
254 1902 377 1960 Primum
397 1902 512 1959 enimsi
533 1919 608 1959 anno
628 1902 721 1979 aliquo
747 1903 776 1959 in
802 1901 861 1960 dies
881 1920 915 1959 ea
934 1903 1027 1961 littera
1045 1905 1169 1980 signatos

62 1995 201 2056 nundinas
218 1996 345 2055 incidisse
371 1994 522 2070 concedas,
547 1997 671 2074 proxime
697 1997 825 2073 sequenti
843 2015 900 2053 nou
919 1996 1091 2070 inciderunt,
1116 1997 1169 2057 nisi

60 2092 137 2150 inter
154 2091 269 2149 nldmas
284 2091 384 2168 prioris
408 2090 564 2168 pdmasqne
582 2089 723 2165 sequentis
742 2093 807 2147 anui
832 2090 969 2148 nundinas
989 2090 1168 2167 quatriduum

59 2193 175 2245 tantum
193 2182 330 2244 interfuit.
368 2182 477 2240 Deinde
496 2181 593 2240 sedulo
613 2191 725 2239 cautum
744 2191 787 2240 est
806 2183 842 2239 ab
860 2184 904 2257 iis,
923 2183 970 2260 qni
988 2182 1066 2241 fastis
1084 2202 1168 2261 prae·

57 2285 175 2348 mc,
192 2295 229 2336 ne
247 2276 278 2335 id
296 2295 416 2355 unquam
436 2276 533 2351 fieret,
553 2275 629 2352 quod
650 2274 748 2332 Orellii
766 2276 877 2333 schema
896 2293 949 2353 pro
967 2295 1046 2335 more
1067 2279 1168 2338 usitato
1257 2353 1263 2366 .

57 2373 141 2430 iubet
159 2369 266 2430 haberi.
305 2371 359 2428 Dio
377 2374 426 2444 48,
447 2374 502 2427 aa:
527 2365 578 2426 καὶ
597 2358 697 2446 ἡμέρα
718 2360 886 2442 ἓμβόλιμος
905 2363 990 2445 παρὰ
1010 2365 1049 2428 τὰ
1068 2373 1167 2432 καθε-

60 2457 203 2540 στηκότα
221 2455 398 2540 ἐνεβλήθη,
420 2457 473 2520 ἵνα
491 2456 535 2539 μὴ
555 2453 575 2538 ἡ
595 2457 746 2537 νουμηνία
764 2462 820 2520 τοῦ
839 2459 985 2538 ἐχομένου
1004 2456 1092 2535 ἔτους
1112 2459 1168 2544 τὴν

63 2549 187 2634 ἀγορὰν
203 2551 258 2634 τὴν
285 2548 338 2613 διὰ
363 2554 423 2612 τῶν
449 2547 536 2614 ἐννέα
556 2544 679 2632 ἡμερῶν
704 2546 805 2634 λάβῃ,
830 2549 905 2634 ὅπερ
925 2551 987 2615 ἀπὸ
1011 2560 1066 2617 τοῦ
1085 2553 1169 2619 πάνυ

62 2644 198 2729 ἀρχαίου
217 2643 344 2730 σφόδρα
362 2641 564 2726 ἐφυλάσσετο.
607 2650 678 2708 Hinc
695 2650 841 2729 manifesto
859 2661 980 2730 apparet
1005 2672 1097 2731 neque
1119 2655 1170 2714 lit-

61 2754 144 2804 terae
163 2746 205 2820 Α,
230 2762 324 2822 neque
342 2745 392 2803 ulli
411 2745 456 2802 alii
475 2752 633 2801 constanter
650 2744 789 2802 nundinas
808 2745 974 2805 adhaesisse.
1013 2748 1108 2806 Facile
1126 2759 1170 2808 est

61 2838 226 2912 intelloetu,
251 2837 391 2915 quomodo
410 2855 455 2895 res
474 2847 556 2914 gesta¹
570 2835 673 2911 fuerit,
700 2856 752 2895 nec
771 2839 912 2915 ignorasse
932 2840 1067 2899 Orellium
1085 2852 1167 2919 puto,

62 2931 114 2994 aed
132 2931 210 2990 alind
227 2941 368 3009 spectasse
382 2940 423 2990 'et
441 2931 540 3007 egisse.
584 2931 610 2989 A
632 2932 777 3008 supremis·
797 2935 862 2990 anni
888 2936 1021 3012 cuiusque
1039 2935 1168 2995 nundinis
1209 2956 1211 2961 ’

62 3026 167 3089 iustum
186 3033 313 3102 tempus,
339 3025 480 3082 octiduum
499 3022 668 3084 ducebatur:
696 3036 811 3083 octauus
837 3026 895 3085 dies
918 3028 946 3084 in
969 3046 1053 3104 quam
1073 3045 1170 3088 earnm

64 3118 241 3192 lidaramin,
259 3136 332 3194 quae
351 3119 427 3176 initio
446 3119 564 3176 Ianuarii
583 3119 611 3176 in
630 3118 709 3177 fastis
727 3119 874 3179 Maffeanis
893 3121 1041 3196 leguntur,
1058 3122 1169 3181 incidis-

68 3218 132 3286 set,
149 3228 183 3269 ea
200 3210 294 3268 littera
314 3211 372 3269 eius
391 3213 456 3270 anni
475 3211 611 3270 nundinas
631 3231 726 3270 omnes
745 3212 892 3271 indicabat.
932 3213 1003 3270 Cum
1022 3215 1169 3276 intercala-

10 3372 12 3377 .
72 3314 133 3361 tum
148 3313 199 3379 est,
219 3303 329 3362 ultimus
348 3307 414 3363 anni
433 3306 492 3363 dies
511 3306 667 3385 litteramF
682 3306 786 3365 habuit.
820 3306 864 3363 Ea
884 3303 1048 3367 litterani
1068 3311 1169 3371 nundi·

70 3413 122 3456 uas
136 3414 184 3474 per
201 3406 293 3456 totum
307 3415 409 3456 annum
424 3399 520 3458 habuit
534 3400 688 3474 adiunctas,
708 3400 760 3458 nisi
772 3418 807 3458 eo
820 3400 881 3478 ipso
900 3419 973 3461 anno
992 3403 1169 3465 intercalare·

71 3498 124 3562 tur,
142 3499 349 3570 nt·postremus
366 3491 504 3550 annidies
519 3501 672 3571 postremas
688 3490 826 3550 nundinas
839 3493 966 3569 haberet,
985 3497 1012 3553 in
1025 3496 1169 3559 Kalendas

71 3584 185 3661 proxim
199 3586 266 3655 anni
283 3584 420 3642 nundinas
435 3584 604 3644 conferebat.
629 3585 662 3644 Id
679 3586 819 3663 quomodo
837 3586 987 3646 deuitatum
1001 3588 1095 3668 fuerit,
1113 3594 1168 3653 Dio

74 3677 134 3737 Ιοω
150 3678 234 3739 modo
253 3679 392 3754 indicato,
419 3679 532 3756 eiusque
549 3681 687 3759 interpres
706 3680 830 3757 Scaliger
847 3680 885 3739 de
903 3683 1012 3741 emend.
1032 3694 1117 3764 temp.
1135 3707 1167 3766 p.

74 3773 179 3848 46⁰,ss
199 3781 398 3832 monstrarunt.
434 3773 634 3852 Goettlingium
649 3775 679 3833 in
698 3774 768 3831 libro
786 3790 876 3849 nuper
890 3772 964 3832 edito
983 3797 1015 3855 p.
1029 3783 1083 3837 183
1097 3781 1169 3860 sugit

73 3865 147 3925 ratio.
174 3865 267 3925 Possit
280 3866 317 3924 de
332 3865 436 3945 duplici
449 3867 556 3937 ratione
569 3869 696 3946 cogitari,
715 3865 765 3926 sed
778 3874 876 3924 neutra
894 3867 1025 3946 efficitur,
1044 3881 1075 3930 ut
1093 3892 1167 3934 anno

10 4034 12 4039 ,
72 3956 105 4018 V.
124 3959 159 4018 Ο.
180 3962 239 4018 797
256 3960 349 4018 littera
366 3959 523 4018 nundinalis
541 3961 570 4019 in
588 3961 731 4022 Kalendas
756 3960 898 4019 lanuarias
924 3962 1051 4024 incidisse
1069 3968 1168 4026 uidea-

70 4059 130 4130 tur,
147 4051 226 4132 qnod
243 4060 338 4121 maren
362 4051 529 4132 interpretes
546 4053 642 4117 Diouis
661 4057 698 4113 ab
716 4054 764 4113 iilo
782 4053 855 4113 tradi
873 4054 1097 4117 emstmrauerunt
1115 4061 1167 4135 60,

10 4191 13 4229 5
67 4145 116 4224 24,
134 4163 202 4206 cum
214 4146 282 4207 dicit
295 4144 432 4207 nundinas
451 4141 539 4226 ἱερῶν
558 4165 649 4211 τινων
667 4139 756 4209 ἕνεκα
776 4146 804 4207 in
823 4147 908 4208 alium
919 4148 994 4211 diem
1006 4154 1167 4213 nsnslatas.
