2550 4574
518 252 661 299 uuurrvc
721 314 727 325 .
1076 255 1132 305 m

50 398 210 460 &murae
229 402 354 462 nummo
370 408 469 462 amm
486 403 571 479 aima,
588 404 608 462 i.
625 423 651 464 e.
670 402 867 464 niciaaitodiueu
883 404 1000 484 maudei
1017 405 1063 465 uel
1080 405 1133 466 da-

52 495 106 570 ayt
121 495 210 572 prdie,
229 496 318 577 (quod
337 496 472 574 gloeeema
488 499 636 575 asumptum
653 496 729 577 luit)
748 514 818 576 quaa
835 498 968 557 distichon
986 501 1085 573 nemea,
1102 506 1133 559 et

56 588 162 662 ululae
180 586 282 667 longae
298 590 437 665 bueuiuue,
457 608 525 670 quae
542 600 686 668 praeterea
706 592 746 648 bic
763 592 891 650 admittit.
921 590 1070 650 octiduum
1088 600 1132 651 eut

15 684 18 691 ⁴
59 682 220 740 alentibus
245 681 281 741 ad
303 683 445 742 Kalendas
470 684 498 741 iu
524 683 619 741 tabula
638 683 789 743 Maffeana.
833 685 910 743 Facti
928 701 946 742 a
963 684 1079 743 librariia
1096 704 1132 745 ex

61 770 143 835 Ouidio
160 776 284 853 excerpti
301 778 491 835 auctoritatem
510 794 566 835 nou
584 776 695 835 liabent.

19 866 22 877 '
117 868 162 927 De
178 868 246 927 Kal.
261 868 422 927 Martiarum
440 869 515 928 feriit
533 870 586 926 alio
605 871 667 927 loco
685 868 831 927 dicendum
849 870 911 927 erit.
950 870 1062 929 iuterim
1080 888 1133 949 up-

59 978 119 1038 pnuo
136 962 196 1021 Cic.
216 962 253 1020 ad
270 962 340 1019 fam.
353 965 382 1033 9,
397 968 451 1021 22:
471 962 519 1021 aad
536 962 664 1022 manen
682 962 819 1022 Knlcadir
835 966 962 1033 Montila
979 961 1009 1021 lu.
1024 980 1051 1021 e.
1070 964 1132 1022 Ala-

59 1055 211 1132 malton,
238 1072 313 1133 quae
334 1054 410 1132 apud
436 1056 587 1121 Varronem
611 1055 809 1115 deciderantnr.
854 1054 929 1114 Prid.
955 1055 1030 1115 Non.
1047 1056 1133 1118 Mart.
1221 1128 1225 1135 ι

56 1148 219 1223 minuent,
244 1146 320 1225 quod
337 1148 496 1208 ldorcelliuu
515 1158 544 1207 et
562 1149 729 1207 Vaacaeuioa
747 1167 777 1226 p.
787 1149 846 1206 285
864 1149 973 1206 titulum
991 1151 1020 1208 iu
1037 1150 1134 1209 tabula

10 1234 12 1243 ’
53 1238 183 1301 ldrffennu
201 1241 349 1319 accuiptum
374 1241 411 1301 de
428 1245 553 1319 Augusto
577 1242 729 1319 intelligere
746 1240 924 1316 dubitarunt,
947 1262 1010 1301 cum
1034 1243 1134 1303 eodem

50 1350 91 1391 rer
113 1332 214 1393 codem
239 1333 301 1392 loco
325 1334 401 1413 apud
420 1334 552 1394 Ouidium
577 1344 607 1393 et
630 1335 657 1392 in
682 1335 776 1392 tabula
794 1332 972 1393 Praeneetiua
998 1335 1134 1396 uadamr.

46 1422 116 1483 Nam
140 1425 219 1503 quod
242 1426 282 1485 illi
305 1436 335 1489 et
352 1428 502 1506 Fogginioe
519 1448 549 1507 p.
566 1432 586 1488 o
605 1437 708 1504 negant
722 1426 880 1501 Aeaeum
903 1445 1057 1504 cognomen
1080 1448 1134 1489 uu·

46 1534 126 1595 quum
145 1519 246 1593 omitti,
263 1530 410 1599 postquam
429 1523 558 1581 collatum
577 1522 605 1579 iu
624 1539 689 1578 eum
707 1529 752 1579 eet
768 1537 863 1579 menae
879 1519 1006 1579 ianuario
1023 1523 1135 1601 cepti-i

47 1610 103 1669 e'uu
118 1613 298 1689 consulatue,
322 1616 454 1674 omittitur
471 1617 499 1674 in
518 1634 566 1690 re,
590 1631 663 1693 quae
684 1624 762 1690 geute
779 1622 823 1671 eu
842 1631 937 1673 mense
954 1616 1039 1694 Aprili
1058 1616 1135 1676 eiua-

47 1703 110 1761 dem
126 1705 212 1779 anui,
229 1704 294 1766 faut.
313 1708 414 1768 Praeu.
434 1709 497 1767 Vlll
515 1708 563 1766 Kl’
583 1707 650 1765 Mai.
688 1706 836 1765 Caeterum
855 1706 909 1765 lrou
927 1706 993 1765 nihil
1009 1710 1135 1786 intereat,

43 1806 138 1855 utrum
156 1798 225 1877 quid
243 1812 322 1876 aute,
338 1820 374 1861 au
393 1810 457 1880 poet
474 1820 539 1860 eum
557 1818 660 1859 aunum
678 1798 852 1876 lactarunt,
870 1799 920 1861 red
938 1801 1051 1878 quando
1068 1821 1135 1880 per-

40 1893 191 1968 mittatur,
210 1893 285 1964 uiuo2
302 1897 349 1954 uel
367 1904 477 1955 mortuo
495 1896 628 1971 Augusto.
666 1893 778 1952 Mortuo
797 1895 884 1953 errori
901 1895 987 1971 magia
1005 1903 1066 1953 erat
1084 1896 1135 1954 ob·

41 1986 174 2062 noxium,
198 1987 344 2046 uiCaeuar
360 1989 557 2065 appellaretur.
593 1988 711 2045 Paetum
728 1985 757 2045 id
783 1997 876 2047 tamen
897 1996 959 2062 eut,
984 1986 1053 2045 riiu
1072 1987 1135 2046 loco

40 2078 108 2139 furat.
128 2079 232 2141 Praen.
251 2081 370 2139 iudicato
389 2081 510 2158 argutari
529 2081 620 2140 neeeio
638 2079 705 2157 quid
723 2079 829 2156 lubeat,
847 2080 875 2138 iu
893 2081 971 2139 sautia
988 2080 1136 2137 Amiterni·
1242 2088 1245 2093 '

41 2174 87 2235 uie
104 2174 172 2231 Kal.
191 2178 262 2252 Aug.
279 2204 322 2221 ·-
346 2174 436 2233 Nouia
452 2175 558 2232 Martiis
576 2174 709 2256 templum
728 2172 860 2231 Vediouie
877 2171 1033 2230 dedicatum
1051 2173 1135 2232 tradit
1228 2228 1231 2233 .

44 2265 210 2326 oudinet
229 2267 340 2326 dubium
368 2269 414 2325 uix
438 2277 497 2345 eat,
524 2270 589 2347 quin
609 2267 759 2344 Foggiuiue
782 2265 868 2324 saatou
885 2265 985 2326 Praeu.
1004 2266 1135 2327 feriarum

45 2362 187 2420 mentione
206 2372 285 2420 recte
301 2362 481 2439 suppleuerit.
519 2362 624 2421 Verum
643 2361 671 2416 iu
696 2359 790 2416 tabula
809 2358 948 2417 Maffeana
966 2361 1072 2419 adiecta
1092 2371 1136 2423 eat

46 2456 139 2513 littera
150 2455 187 2530 F,
207 2474 262 2514 non
280 2466 314 2514 ut
332 2457 441 2533 aliacliu
456 2456 531 2513 feriis
549 2453 621 2512 uolet
633 2452 700 2511 NP:
720 2470 771 2511 uec
786 2453 822 2510 de
840 2454 1001 2531 cunigunda
1020 2473 1053 2514 ea
1068 2466 1135 2516 uota

50 2548 133 2606 uelim
150 2552 274 2627 cuiquam
292 2550 320 2607 io
340 2559 458 2608 mentem
476 2548 588 2623 uenire,
614 2548 775 2625 praeuertim
794 2565 856 2604 cum
875 2544 1008 2622 Ouidius,
1034 2559 1064 2606 ut
1082 2568 1136 2628 ego

50 2642 181 2721 intelligo,
198 2661 258 2700 uem
277 2643 420 2701 confirmet
438 2642 548 2702 dicente
571 2644 634 2700 Vno
650 2649 718 2701 nolu
736 2646 777 2697 rat
795 2638 888 2698 Morti
906 2642 1008 2699 Nouia.
1045 2642 1136 2703 Valde

50 2737 121 2794 enim
143 2738 227 2813 friget
252 2735 319 2794 illud
337 2734 374 2793 de
391 2755 448 2794 unu
466 2743 550 2810 uoto,
577 2737 626 2794 uiui
651 2736 689 2793 ita
714 2734 934 2809 dictampnus,
962 2744 994 2793 ut
1011 2734 1042 2809 d,
1060 2739 1135 2796 7272

54 2832 179 2903 Quutuor
193 2828 262 2889 iuda·
280 2833 355 2889 nulia
371 2830 447 2889 lours
464 2836 519 2900 σείς
546 2830 576 2899 o,
595 2829 669 2886 6492
694 2826 784 2884 Nullo
800 2833 868 2885 notu
886 2833 927 2885 eut
943 2829 1065 2886 ueuimta
1081 2827 1136 2907 die,

53 2924 98 2980 ubi
121 2934 214 2982 tarneu
233 2922 340 2981 adiicitr
366 2941 448 3000 qurum
467 2921 568 2981 ducere
584 2924 684 2999 porcia
723 2921 842 2978 Causam
865 2938 951 2996 uero,
978 2940 1028 2979 eur
1049 2922 1137 2981 feriae

55 3014 181 3073 Pediuuia
200 3034 256 3073 uua
276 3026 342 3074 uota
360 3016 400 3091 F,
426 3034 483 3075 nou
509 3015 634 3089 duabus,
658 3014 710 3072 NP
729 3015 887 3090 runaut-ur,
915 3013 1031 3071 eandem
1055 3022 1137 3091 puto,

58 3118 134 3185 atque
155 3108 308 3165 Feralibus.
347 3107 419 3165 Nam
438 3107 561 3166 sacrificii
580 3117 698 3183 utroque
715 3106 760 3164 die
776 3105 843 3164 iacti
857 3104 996 3182 quandam
1013 3106 1137 3164 similitu·

60 3200 141 3259 (linem
160 3202 260 3258 uideor
276 3200 341 3259 milui
360 3199 567 3278 deprehendere
585 3218 620 3258 ex
639 3199 721 3261 Gellii
741 3199 841 3268 uerbis,
860 3197 897 3257 N.
915 3200 949 3257 A.
968 3198 997 3274 d,
1019 3204 1067 3275 12,
1085 3218 1137 3261 au-

63 3292 169 3367 rrifiouri
189 3294 304 3353 Vcdioai
320 3298 378 3353 ritu
395 3294 515 3353 lauaouo
538 3310 661 3370 euprmu.
699 3291 783 3369 Atqui
806 3290 955 3350 lmmoutuu
971 3291 1138 3367 sucrificium

61 3384 153 3446 Paoloa
170 3388 250 3445 Diae.
265 3392 301 3464 p.
313 3391 367 3444 lot
386 3387 481 3445 Muell.
501 3386 566 3445 dicit
584 3402 656 3460 aare,
675 3384 750 3462 quod
769 3385 869 3442 mortui
887 3403 969 3443 cauca
986 3385 1079 3445 fiebat.
1098 3416 1138 3430 ·-

61 3480 117 3540 idue
132 3482 217 3541 Mart.
237 3498 300 3537 com
318 3478 439 3555 niatu,
458 3482 495 3537 18
519 3469 634 3555 ἡμέραν
654 3469 823 3556 ἀποφράδα
847 3497 882 3536 ex
906 3477 995 3536 edicto
1014 3479 1139 3537 triumui-

63 3592 145 3633 uorum
162 3575 252 3633 saetae
270 3582 382 3649 narrat,
402 3574 489 3632 uoluit
507 3572 621 3649 intelligi
638 3565 771 3649 μιαράν,
789 3572 943 3648 religiosum
959 3573 1018 3628 siue
1036 3581 1138 3647 atrum,

62 3680 88 3727 ut
103 3671 233 3728 mietimo.
271 3668 303 3725 lu
322 3668 418 3725 tabula
435 3664 513 3724 Mau.
532 3666 600 3723 nihil
619 3674 661 3723 eat
679 3665 810 3724 eiusmodi
828 3673 1007 3738 annotatum,
1031 3664 1077 3722 uel
1096 3664 1139 3722 iu·

64 3760 189 3833 dicatum,
209 3778 278 3834 nec,
297 3760 449 3835 siluisset,
470 3759 572 3817 Ouidio
591 3760 707 3817 liberum
726 3768 787 3817 erat
805 3759 970 3835 praeterire,
990 3773 1025 3813 au
1043 3757 1140 3814 memi-

65 3854 135 3929 uirrr,
154 3862 238 3932 prout
255 3854 398 3930 siguificat.
436 3852 559 3911 Litterae
573 3853 624 3911 NP
638 3854 721 3930 igitur
738 3854 877 3928 pertinent
895 3850 930 3907 ad
949 3850 1031 3907 leriae
1043 3852 1140 3908 Auuae

66 3942 197 4007 Perennae
223 3948 268 4005 uia
293 3947 427 4007 Flaminia
452 3946 488 4004 ad
514 3946 633 4025 lapidem
657 3946 795 4024 primum,
821 3944 861 4001 uti
887 3953 929 4001 eut
952 3943 981 4000 in
1006 3941 1139 4000 Vaticano

66 4037 225 4116 fragmento(
257 4043 408 4118 Argeorum
426 4058 539 4119 quoque
563 4041 650 4115 meri,
676 4037 751 4116 quod
776 4037 900 4114 proxime
923 4033 1046 4112 nequitur
1063 4032 1139 4110 apud

69 4128 205 4213 Ouidium,
223 4144 254 4194 et
271 4134 408 4197 Saliorum
427 4134 608 4210 cerimoniae,
626 4149 709 4216 quam
728 4130 871 4215 quinquies
888 4127 942 4191 lroc
958 4143 1052 4192 mente
1069 4142 1139 4186 coo·
