2550 4574
94 302 97 308 .
133 252 223 310 (ibix
590 258 635 312 D!
655 260 765 312 tuente

134 407 207 484 lde·
228 402 376 493 ἧμίρας
398 405 542 495 ἀγομένη.
580 412 681 474 Festus
700 411 921 493 pomarius
944 413 1049 487 Salina
1067 414 1164 492 quibu
1180 434 1231 495 per

125 510 225 583 ,oasin
240 508 316 586 diss,
336 508 495 588 ablutaque
511 512 624 566 morsm
641 515 724 579 caet,
750 508 797 565 nbi
821 507 877 566 nid.
896 506 993 566 Muell.
1031 509 1152 568 Dubium
1173 511 1230 570 nix

93 624 97 635 ¹
133 610 194 675 est,
219 602 286 681 quin
311 622 374 664 com
399 604 428 664 ln
452 602 531 662 lusda
548 598 734 677 Bruenestinis
754 601 925 659 Tubilustrio
944 602 1118 678 assignentur
1140 603 1230 663 feriae

132 694 246 770 Ιίιιιίι,
277 694 305 754 ld
331 696 429 757 εοάοιιι
460 693 544 754 modo
567 694 636 770 liat,
662 704 748 772 atque
771 696 799 752 in
825 692 920 754 tabula
943 695 1078 755 Vaticana
1095 696 1162 756 XlV
1179 697 1229 756 ΚΡ

132 787 200 866 Apr.
219 788 249 847 et
267 787 340 866 prid.
360 789 402 850 ld.
420 790 517 864 liert,
542 787 730 866 significetque
756 789 930 848 acrimoniam
956 806 974 847 a
996 790 1114 868 publicis
1131 808 1229 857 eornm

78 884 99 903 ‘¹
130 878 236 940 dierum
255 881 332 941 feriis
350 883 489 942 diuersam
510 883 600 960 aden,
617 893 649 944 ut
667 885 713 944 nel
730 882 796 941 insti
815 882 996 941 Heruartiani
1014 882 1144 942 audiendi
1162 886 1229 959 sint,

129 974 179 1052 qni
192 974 244 1032 Vll
255 974 311 1051 Id,
327 993 384 1057 qno
403 976 449 1036 die
466 977 543 1037 nulla
560 978 692 1039 feriarum
711 986 777 1037 unta
795 977 824 1034 in
843 977 905 1035 ullis
924 975 985 1044 aliis
999 984 1051 1056 est,
1071 978 1227 1039 ascdbuut:

130 1076 212 1127 ormo
237 1062 342 1128 nnolbo
365 1076 489 1142 mouent,
514 1081 543 1131 et
561 1071 634 1150 prid·
654 1071 734 1130 ldus:
758 1069 956 1144 Mamurolio,
982 1069 1018 1128 de
1038 1087 1093 1148 qun
1112 1090 1144 1130 re
1163 1071 1228 1131 nida

16 1153 36 1233 ‚²
129 1159 219 1222 narn.
232 1161 268 1219 su
280 1163 352 1240 Lyd.
364 1166 458 1238 aas,
478 1182 508 1243 p.
520 1168 585 1224 rso.
623 1165 696 1223 uam
715 1164 790 1242 quon
809 1163 894 1222 aoso
911 1163 1001 1221 uam
1021 1163 1057 1221 oe
1076 1164 1095 1222 ι.
1109 1165 1130 1223 ι.
1146 1165 1175 1239 n,
1189 1165 1227 1223 sn

2 1292 10 1312 ι
130 1253 160 1313 in
179 1257 289 1314 comitio
308 1258 455 1334 quotannis
467 1257 558 1317 Salios
576 1258 740 1332 salitauisse,
757 1257 785 1315 id
803 1256 908 1315 iactum
928 1276 989 1316 esse
1007 1251 1228 1336 Quinquatribus

129 1346 213 1407 docet
229 1349 414 1428 fragmentum
433 1351 492 1410 eins
511 1350 565 1409 diei
582 1351 802 1410 Praenestinum.
841 1351 903 1409 Nec
917 1350 1052 1409 Kalendis
1070 1369 1138 1430 ergo
1150 1352 1228 1410 Mar-

69 1482 74 1492 ,
129 1441 183 1513 tiis,
202 1444 302 1520 quibus
319 1443 409 1517 furius
420 1446 530 1504 Mortis
547 1445 634 1503 tradit
651 1445 746 1503 tabula
758 1445 856 1515 Verrii,
876 1444 950 1502 abnd
968 1443 1073 1523 quidin
1092 1443 1227 1504 bonorem

126 1532 225 1594 Martis
244 1545 336 1595 acuum
356 1546 408 1609 est,
427 1547 512 1617 utque
529 1537 605 1617 qued
620 1537 736 1598 Ouidius
757 1558 785 1598 n.
799 1540 857 1597 269
868 1556 912 1615 sq.
931 1539 1086 1595 summatim
1105 1548 1227 1597 annota-

128 1627 180 1687 uls.
218 1628 387 1689 Flamininus
410 1632 439 1690 in
463 1631 520 1692 fine
543 1633 602 1691 eins
626 1632 679 1690 loci
699 1652 726 1692 ιι.
740 1635 797 1690 397
816 1633 913 1708 longus
932 1629 1132 1708 sordcspoetu
1155 1631 1228 1690 iudi·

127 1738 193 1780 tere
210 1720 334 1794 uidetur,
352 1725 623 1804 ubi‘intelligeudum
642 1725 709 1784 illud
728 1742 840 1804 quoqne
859 1733 919 1798 est,
939 1713 1021 1801 quod
1033 1727 1065 1800 6,
1080 1731 1137 1784 231
1157 1726 1227 1800 legi·

14 1800 17 1805 ’
59 1854 62 1861 ·
127 1823 184 1874 tut.
221 1814 280 1875 Sed
298 1819 372 1901 inter
394 1818 453 1878 dies
472 1819 594 1877 Saliares
617 1836 651 1877 eo
676 1827 753 1877 casto
777 1835 849 1898 opus
868 1826 930 1876 erat
947 1817 1027 1879 xvtt
1045 1826 1075 1876 et
1091 1816 1157 1876 XVl
1174 1817 1225 1876 ΚΡ

126 1909 195 1986 Ape.
221 1909 306 1968 etiam
329 1921 447 1990 propter
471 1912 648 1971 tetimonium
670 1911 842 1991 Argentum,
869 1909 1224 1987 nid.Gntt.1o‚1⁵,ao,

120 2014 204 2081 -qute
221 2003 295 2064 ledit
310 2005 383 2083 prid.
401 2005 444 2064 Id.
463 2004 543 2081 utut,
562 2006 615 2064 nisi
631 2005 706 2064 sorte
723 2014 791 2064 tunc
808 2022 921 2084 quoqne
941 2003 1025 2062 bidnn
1044 2016 1135 2064 actam
1153 2004 1227 2063 indi·

7 2163 9 2169 ,
127 2109 192 2157 aare
209 2098 299 2157 uoluit
315 2098 430 2175 Dionys.
446 2099 511 2157 Hal.
525 2103 552 2168 1,
563 2102 611 2171 38,
632 2118 662 2176 p.
673 2101 721 2169 97,
739 2098 790 2158 l.³
808 2099 846 2157 R.
884 2098 994 2157 Neutro
1013 2098 1075 2157 loco
1092 2097 1226 2156 feriarum

126 2200 198 2251 nota·
219 2195 248 2251 in
272 2193 372 2251 tubulis
396 2192 511 2270 lapideis
534 2194 682 2257 inuenitur.
726 2192 820 2272 lpsnm
839 2209 948 2250 merum
965 2191 1169 2266 6,(121-652
1189 2208 1225 2249 ex

126 2284 260 2346 Varronis
285 2287 456 2364 potissimum
482 2287 618 2346 sententia
647 2287 860 2366 interpretatum
889 2302 951 2344 esse
975 2283 1106 2344 Ouidium
1136 2301 1225 2362 supra

127 2394 158 2455 p.
169 2388 225 2438 cuv
244 2379 362 2440 naurdi.
399 2379 526 2440 Pertinet
543 2381 580 2440 ad
599 2399 661 2440 eam
679 2381 844 2441 senteutiam
863 2387 892 2438 et
913 2378 972 2437 aliis
990 2377 1133 2456 exemplis,
1151 2393 1225 2456 quae

49 2524 54 2533 .
126 2470 307 2550 inpromptu
324 2492 381 2531 non
400 2472 502 2548 babeo,
520 2475 677 2534 oVamone
696 2475 860 2533 illustratum
880 2472 1047 2552 putauerim,
1067 2470 1144 2550 quod
1156 2472 1225 2531 Ser·

126 2565 188 2624 nitu
206 2565 292 2626 babet
309 2565 347 2626 ed
365 2567 435 2626 Aen.
456 2572 503 2638 11,
517 2569 587 2627 1861
612 2571 680 2646 quio
703 2566 780 2646 opud
797 2569 898 2626 tonos
918 2572 1013 2642 gusua
1029 2565 1142 2651 &tutu
1159 2564 1225 2639 fue

45 2732 46 2737 η
125 2665 193 2718 not
207 2672 310 2736 potue
327 2660 498 2739 sspoluunns
516 2660 581 2720 luds
597 2668 639 2720 est
657 2661 730 2738 quod
747 2661 798 2720 olii
810 2660 975 2734 nimature,
995 2659 1047 2719 olii
1059 2667 1222 2730 matur,

127 2749 179 2812 olto
194 2758 325 2833 proprios
342 2756 519 2814 remittuntur
540 2754 579 2815 od
596 2758 717 2834 potatos.
755 2756 887 2814 Fortasse
905 2755 988 2812 etam
1006 2772 1064 2812 non
1083 2763 1127 2813 est
1144 2753 1222 2812 dissi·

125 2845 192 2904 mile
210 2848 286 2926 quod
299 2849 439 2928 Appianas
457 2856 552 2906 narrat
572 2849 635 2909 bell.
650 2849 703 2910 ιιίι.
718 2853 748 2923 2,
760 2852 812 2907 39ι
831 2841 886 2906 eds
899 2836 1055 2923 Ἡρακλέα
1074 2839 1110 2909 td
1130 2846 1222 2922 σῶμα

125 2940 232 3016 (lonii)
251 2938 407 3021 θάψαντα
430 2937 575 3019 dupinius
600 2936 633 3011 tr
650 2936 687 3001 ud
706 2936 854 3020 πέλαγος,
871 2935 925 3000 i'su
944 2930 1104 3016 ἐπώνυμον
1124 2933 1222 3000 αὐτοῦ

50 3108 55 3117 .
125 3028 253 3115 γίνοιτο.
292 3033 415 3099 Necesse
438 3043 514 3115 certe
538 3044 581 3094 est
605 3036 679 3094 illam
699 3055 812 3116 quoqne
836 3036 993 3115 opinionem
1011 3034 1048 3094 de
1066 3035 1158 3114 prison
1175 3050 1221 3094 sea

125 3132 255 3209 pnltutoc
273 3150 377 3212 genere
394 3132 445 3190 niti
459 3131 552 3209 aliquo
565 3146 644 3188 more
657 3131 769 3191 aliunde
782 3131 904 3209 cognito,
924 3127 1157 3207 quemadmodum
1176 3145 1221 3186 re·

125 3222 218 3302 bonae
235 3225 476 3305 interpretationes
495 3225 531 3282 ab
551 3220 654 3283 Ouidio
672 3223 816 3302 proditae,
834 3225 894 3284 siue
911 3233 969 3284 tres
986 3230 1065 3292 snut,
1085 3230 1117 3279 nt
1135 3238 1222 3299 snpra

125 3314 194 3392 dixi,
213 3319 272 3376 siue
291 3336 346 3376 nna
365 3327 472 3380 uotum
492 3317 528 3377 de
546 3318 730 3396 sexagenariis
742 3317 846 3396 duplici
863 3316 959 3391 modo,
977 3324 1026 3374 aut
1041 3311 1154 3372 oraculo
1172 3315 1221 3371 illo

125 3409 162 3470 de
179 3408 379 3489 Aboriginibus,
399 3420 449 3470 uut
461 3412 609 3490 prouerbio
625 3412 674 3470 illo
693 3429 728 3472 ex
747 3411 909 3470 collectione
922 3409 1057 3468 Sinnianu
1074 3406 1219 3465 illusnutu·

124 3504 157 3563 ln
176 3504 269 3564 uerbis
282 3501 427 3564 Ouidianis
447 3524 475 3564 n.
486 3506 544 3563 626
562 3504 694 3565 mendum
712 3506 833 3567 anobis
852 3504 934 3580 2,(16
948 3512 977 3562 et
989 3500 1134 3561 Lactantio
1151 3497 1219 3577 epit.

124 3602 164 3657 2³
184 3598 317 3671 uetustius
333 3598 435 3682 anxilio
451 3597 764 3678 codicianttingcnsis,
782 3599 829 3678 qni
844 3601 939 3658 lotan
952 3595 1134 3659 Dodonaeum
1151 3608 1221 3671 supe

124 3691 249 3770 peditat,
267 3691 376 3752 sustuli.
413 3691 559 3751 Proximus
582 3701 675 3753 tamen
701 3711 797 3755 uersus
822 3695 880 3751 626
901 3691 1014 3755 minime
1038 3687 1106 3746 nitio
1124 3701 1222 3744 carere

47 3860 51 3867 Ι
124 3785 249 3849 uidetute
267 3793 371 3863 putus,
389 3786 465 3865 quod
483 3787 648 3846 uocabulum
668 3786 785 3857 Ouidius
805 3806 833 3845 n.
848 3788 905 3845 641
924 3794 954 3846 et
972 3787 1002 3860 b,
1017 3787 1074 3840 102
1093 3782 1173 3840 aliter
1191 3787 1222 3838 et

123 3879 162 3940 itu
182 3890 308 3960 usurpat,
329 3888 360 3940 ut
379 3881 468 3939 Varro
486 3879 523 3939 de
542 3881 594 3941 ll.
614 3880 643 3958 5,
664 3882 719 3944 155
738 3884 875 3955 numos,
894 3880 1013 3957 Appian.
1034 3879 1062 3935 b.
1082 3895 1108 3935 n.
1127 3880 1159 3949 2,
1181 3875 1220 3930 16

123 3966 219 4055 idun,
243 3975 280 4035 de
297 3975 420 4055 Pelasgia
438 3974 554 4054 intelligi
571 3973 689 4034 instume
708 3983 817 4054 potest,
842 3990 1010 4053 quamquam
1029 3967 1219 4030 obscurissime

22 4082 24 4086 “
115 4069 227 4131 dictum
246 4079 302 4130 est:
322 4068 377 4131 tuo
394 4085 463 4129 uero
482 4084 602 4148 corpora
616 4089 673 4130 non
687 4069 876 4143 mittebantur,
895 4066 945 4126 sed
964 4074 1014 4151 aut
1033 4062 1129 4141 uiginti
1148 4074 1218 4138 qua·

58 4154 61 4159 ’
122 4173 197 4244 tuor,
216 4175 267 4227 aut
284 4165 407 4246 triginta,
426 4163 517 4228 Vann
536 4163 573 4226 de
591 4163 611 4225 l.
631 4164 651 4223 l.
670 4164 702 4241 7,
715 4164 768 4245 tt,
784 4161 900 4241 Dionys,
921 4166 953 4239 1,
965 4163 1017 4243 ³8,
1034 4169 1098 4218 cunt
1111 4156 1219 4238 ungam
