2550 4574
457 265 607 313 rusvnan
628 266 722 313 narr.
875 229 879 237 ¹
940 262 944 273 ·
1024 284 1026 293 ,
1083 275 1143 323 m

34 419 89 479 rit:
113 435 181 478 eam
201 418 238 478 ob
257 434 368 477 canaam
387 417 502 476 omissus
522 426 576 494 est,
594 417 828 498 quemadmodum
846 419 936 480 etiam.
946 422 1045 502 reliqui
1061 426 1143 488 ludo·
1251 496 1257 509 ,

38 532 100 571 rum
119 511 181 571 dies
196 512 234 569 ita
253 511 350 570 notati.
389 510 492 589 Neque
509 512 582 571 enim
602 512 734 573 credibile
751 520 806 588 ast,
824 514 930 573 etiamsi
947 516 970 574 ii·
985 517 1044 577 dies
1061 530 1143 598 parto

41 608 136 684 aliqua
149 605 217 664 fasti
234 605 360 681 suerunt,
379 604 408 663 id
427 604 539 664 demum
556 605 662 665 iactum
681 625 742 667 esse
760 608 798 665 ab
816 608 957 684 Augusto,
977 628 1039 669 cum
1059 611 1143 674 feriar

46 689 185 776 nonquam
204 717 261 756 non
281 716 343 757 eam
363 707 458 758 nutum
474 716 543 776 praa
561 700 686 759 referre
699 699 851 758 uideamus.
884 701 948 759 illos
960 722 1072 781 quoque
1084 706 1143 768 dies

49 791 260 870 praetereundos
277 792 343 863 duxi
350 793 479 869 ‚quibus
498 793 648 871 ascriptum
665 793 788 854 MERK.
826 795 889 852 Ηοο
906 795 973 872 quid
992 796 1043 871 sit,
1061 817 1145 861 nemo

50 885 219 945 adunemur
238 896 380 968 assecutus
395 895 456 956 est,
482 886 566 944 immo
591 905 673 946 nemo
699 889 806 971 curauit
830 897 943 966 praeter
959 889 1144 970 Mamilium,

48 981 94 1058 qni
111 980 202 1038 neseio
225 965 320 1059 quid
319 978 356 1037 de
380 995 476 1037 mense
499 979 678 1045 marcedonio
696 990 824 1058 nugatur.
862 986 1022 1042 Maeotim
1038 985 1145 1062 signifi-

51 1075 104 1132 cari
126 1081 232 1132 comtat
258 1089 294 1130 ex
318 1071 476 1150 fragmento
495 1073 636 1132 Antiatioo
653 1073 697 1133 ld.
715 1074 768 1132 lul.
806 1074 912 1133 Verum
931 1074 985 1134 boc
1004 1078 1069 1153 quid
1089 1088 1143 1155 est,

10 1172 13 1213 ἱ
53 1175 80 1225 at
96 1165 224 1244 numquid
242 1164 280 1222 ad
295 1164 379 1225 ludos
397 1165 556 1240 Circenses,
584 1167 633 1244 qui
658 1168 760 1245 ubique
785 1168 976 1244 praecedunt,
1002 1170 1145 1248 pertinet?

55 1259 163 1334 pertinet
181 1276 261 1332 uero,
283 1259 307 1316 si
327 1267 402 1316 recte
421 1276 456 1316 eo
475 1260 558 1318 retuli
576 1261 652 1337 quod
672 1260 750 1340 apud
768 1261 973 1319 Tertullianum
991 1262 1056 1322 adu.
1077 1284 1146 1342 gen·

57 1360 94 1409 tes
108 1352 177 1410 ο42
201 1352 275 1428 legi:
301 1350 473 1428 Spadoculis
490 1369 547 1410 ιιοιι
571 1358 763 1424 murmano,
789 1370 859 1430 qttoo
876 1361 968 1412 aarum
988 1355 1064 1430 opud
1081 1338 1146 1418 iilos

59 1451 136 1504 metro
150 1444 346 1520 audirentur,
365 1448 391 1504 si
409 1443 616 1516 ἆοοίἀονοιιοιο,
643 1447 755 1507 liberior
779 1447 813 1505 de
831 1450 953 1525 propriis
971 1446 1040 1506 looir
1056 1469 1146 1514 οιιιιιο.

61 1535 121 1616 liiii
133 1557 232 1598 causae
249 1539 342 1614 uideo,
362 1558 412 1597 cur
429 1538 482 1597 hos
498 1538 557 1598 dies
570 1540 607 1597 ab
624 1542 748 1618 Angusto
761 1538 873 1601 demum
888 1541 1037 1598 comitiales
1055 1542 1147 1604 lactor

65 1641 155 1707 putem3
171 1634 195 1691 si
213 1634 395 1711 reliquorum,
413 1650 487 1711 quae
505 1633 681 1711 inuestigaui‚
702 1633 883 1698 adiuuaretur
901 1651 936 1691 ea
950 1651 992 1706 re,
1010 1653 1067 1692 non
1086 1645 1147 1695 tur·

10 1727 13 1780 1
68 1724 155 1784 barum
171 1727 378 1801 conuenientia,
397 1724 527 1799 fortasse,
547 1727 648 1796 fateor,
667 1736 805 1804 putarem.
841 1726 960 1784 Videtur
978 1727 1061 1803 igitur
1075 1730 1147 1790 haec

10 1820 12 1827 '
65 1819 140 1878 tabula
158 1820 314 1897 composita
338 1830 402 1898 post
427 1818 628 1879 ordinationem
653 1820 789 1881 fautorum
810 1822 943 1899 Augusti3
968 1838 1052 1898 quam
1069 1823 1147 1900 quod

10 1911 18 1967 i
66 1928 121 1971 enno
138 1915 193 1971 tta
209 1902 362 1991 perfectam
381 1913 466 1972 tuisse
492 1933 548 1973 non
574 1916 634 1972 ausi
659 1934 754 1974 sumus
773 1915 931 1988 affirmare,
957 1913 985 1972 id
1010 1913 1077 1973 nihil
1101 1915 1163 1988 iric¹

10 2022 19 2061 ι
65 2001 130 2064 babet
146 2007 286 2065 momenti.
324 2006 427 2084 Neque
452 2009 525 2066 enim
549 2007 729 2067 dubitandum
756 2027 817 2069 esse
836 2008 972 2082 diximus,
995 2010 1062 2085 quin
1080 2017 1147 2070 ante

10 2095 20 2154 i
65 2093 141 2157 tuus
158 2099 261 2158 Vltoris
286 2102 421 2178 templum
446 2100 604 2161 dedicatum
631 2103 679 2160 illo
706 2101 799 2161 officio
818 2105 959 2177 Augustus
983 2100 1146 2178 perfunctus
1202 2094 1205 2107 '

65 2189 102 2248 dtr
124 2211 194 2250 nnuc
213 2211 282 2252 uero
302 2193 418 2253 dubium
435 2213 497 2254 esse
516 2214 606 2274 nego,
624 2196 692 2273 quin
711 2197 760 2255 illo
778 2195 883 2272 templo
903 2193 1031 2252 dedicato
1050 2196 1147 2255 tabula

10 2303 22 2340 u
67 2284 147 2362 taipta
162 2287 207 2344 sit.
243 2287 329 2345 Tunc
347 2289 431 2362 enim,
450 2307 514 2347 cum
531 2289 722 2363 dedicaretur,
741 2289 842 2346 scimus
860 2305 908 2346 eos
927 2287 1008 2347 ludos
1027 2291 1146 2368 primum

10 2392 23 2432 t
66 2373 149 2454 boos,
175 2379 224 2457 qui
243 2379 272 2437 in
290 2381 387 2439 tabula
404 2391 537 2441 notantur
556 2384 596 2445 {V
613 2383 657 2443 ld.
677 2379 898 2457 Mat.‚1)ioaa,
920 2385 966 2439 10.
1005 2381 1075 2442 Post
1092 2403 1146 2443 an·-

10 2468 22 2525 ι’
68 2484 117 2528 aum
131 2474 184 2530 756
209 2483 353 2532 exaratam
379 2494 439 2534 esse
464 2476 587 2535 tabulam
612 2475 678 2535 inde
701 2477 819 2553 colligo,
844 2474 921 2552 quod
939 2476 979 2537 tv
996 2476 1038 2538 id.
1057 2479 1146 2557 April.

10 2581 24 2618 r
68 2578 110 2620 nou
121 2575 267 2645 potuerunt
284 2567 372 2628 seriae
387 2579 503 2648 propter
511 2569 674 2638 ,dedicatam
687 2568 784 2628 Matris
797 2569 922 2628 Deorum
935 2568 1032 2628 aedem
1048 2573 1147 2647 omitti,

10 2670 23 2709 rt
66 2655 103 2714 niti
117 2669 260 2738 postquam
280 2679 314 2720 ea
334 2663 419 2722 aedes
438 2682 473 2722 eu
492 2682 565 2723 anno
585 2663 785 2740 conflagrauit3
805 2662 849 2722 ¹de
873 2682 930 2742 qua
957 2682 989 2723 re
1006 2665 1078 2723 infra
1098 2683 1147 2724 ex·

12 2761 23 2802 t
64 2749 169 2824 pientius
188 2755 306 2814 dicetur.
346 2756 433 2825 Quod
459 2757 515 2815 dixi
534 2758 619 2817 etiam
637 2773 711 2817 anno
735 2756 793 2816 tot
818 2758 1001 2817 recentiorem
1020 2777 1080 2817 esse
1098 2767 1147 2816 ta·

63 2839 147 2919 bolam,
165 2848 230 2907 ideo
249 2849 379 2924 arbitror,
399 2851 466 2928 quia
483 2850 563 2913 Lucii
581 2859 610 2911 et
629 2849 690 2907 Caii
704 2849 854 2913 Caesarum
868 2851 1027 2930 Principum
1045 2852 1149 2919 quen·

10 2931 20 2985 i
61 2940 112 2997 tutis
129 2943 235 3001 natales
252 2941 312 3001 dies
331 2945 398 3002 nulli
418 2952 559 3003 notantur.
599 2943 684 3022 Atqui
701 2943 770 3002 Caio
792 2955 859 3015 nato
878 2964 956 3017 annu
972 2946 1030 3002 734
1047 2963 1147 3002 semro·
1255 2992 1258 3001 .

60 3027 114 3090 dnm
129 3033 249 3094 Dionem
267 3036 320 3111 54,
337 3041 373 3095 8:
400 3033 564 3113 plantaria
580 3054 627 3107 τις
646 3039 711 3106 τοῖς
731 3034 900 3114 γενεθλίοις
926 3029 1022 3095 αὐτοῦ
1048 3027 1148 3106 ἀΐδιος

10 3141 11 3151 ’
58 3117 156 3204 ἷδόθη,
175 3137 206 3188 et
223 3129 311 3188 Lucio
330 3140 380 3189 aut
396 3131 471 3191 edito
491 3134 648 3206 anno737,
666 3140 716 3191 aut
734 3151 799 3191 cnm
819 3131 887 3190 Caio
902 3130 1036 3207 adoptato
1050 3132 1148 3208 Augu·

58 3226 106 3276 tttts
121 3214 177 3296 τὴν
196 3220 253 3297 τῆς
269 3221 378 3299 Τιμῆς
398 3220 449 3283 καὶ
468 3225 526 3303 τῆς
538 3217 664 3303 Ἀρετῆς
684 3217 855 3303 πανήγυριν
875 3218 906 3292 ἐς
924 3214 981 3292 τὰς
998 3221 1053 3282 νῦν
1071 3213 1148 3300 ippol-
1215 3309 1217 3313 Ι

10 3362 12 3369 ι
57 3327 110 3385 ρος
124 3309 321 3392 μετέστησεν·
334 3318 473 3393 accedit,
492 3319 568 3398 quud
587 3339 644 3397 quo
664 3318 709 3376 die
728 3319 833 3397 aliquot
851 3317 966 3377 saeculis
984 3327 1050 3395 post
1067 3315 1149 3375 ludos

10 3388 13 3477 i
55 3405 163 3467 Honora
182 3418 213 3467 et
231 3409 347 3479 Virtutis
375 3431 410 3471 ex
436 3413 609 3477 calendario
618 3412 806 3487 Lambeciquo
829 3410 984 3471 celebratos
1008 3411 1148 3486 nouimus,

50 3497 87 3557 Ν
98 3500 144 3560 Kl’
159 3505 235 3578 lum,
253 3501 387 3562 fastorum
403 3507 634 3567 Amiterninurum
653 3505 839 3583 fragmentum
858 3504 991 3563 feriarum
1008 3503 1148 3574 indicium,

49 3591 149 3654 litteras
175 3639 184 3656 .
206 3638 214 3655 .
236 3594 459 3658 0D.E0.D1E
481 3641 489 3659 .
511 3641 519 3660 .
546 3609 650 3660 seruat.
689 3599 833 3657 Ludorum
859 3599 1015 3657 indicatio
1006 3617 1035 3655 m
1054 3597 1149 3655 tabula

49 3687 144 3747 omina
162 3707 224 3748 esre
242 3699 336 3767 potest
360 3692 466 3770 aliquot
491 3695 527 3751 ub
547 3713 662 3769 causas,
689 3695 729 3750 uti
756 3691 871 3770 posthac
895 3693 1046 3768 intelliges:
1074 3690 1148 3749 diem
1190 3761 1193 3766 ι

49 3797 113 3840 uero
130 3782 183 3841 NP
200 3785 304 3862 signari
322 3787 456 3862 oportuit,
478 3786 530 3844 nisi
548 3785 622 3844 forte
641 3807 694 3847 eae
711 3788 800 3846 leriae
817 3788 969 3864 abrogatae
986 3795 1052 3842 sunt
1069 3793 1149 3843 utro·

46 3893 101 3954 que
117 3887 229 3937 mortuo
248 3897 322 3937 anno
340 3881 418 3954 75⁷,
438 3877 514 3956 quud
533 3897 619 3954 sane,
639 3882 662 3939 si
680 3881 747 3958 quid
759 3880 866 3955 uideo,
894 3879 1075 3956 improbabile
1093 3896 1149 3936 uon

46 3980 96 4029 est.
136 3970 247 4031 Obiisse
265 3973 382 4032 Lucium
402 3991 474 4033 anno
493 3971 572 4048 755,
590 3973 689 4033 Caium
708 3975 748 4033 tx
766 3973 814 4033 ΚΡ
830 3975 915 4032 Mart.
935 3973 1004 4047 ⁷67,
1024 3972 1149 4029 Ceuota·

45 4062 109 4140 pitia
122 4064 227 4124 Pisana
244 4065 356 4142 dorent,
376 4066 434 4125 uld.
453 4065 547 4125 Nuria.
564 4085 595 4144 p.
607 4070 677 4143 342,
685 4067 743 4127 ³48
752 4087 796 4145 sq.
824 4067 957 4126 Eiusdem
975 4066 1042 4125 anni
1061 4065 1087 4123 V
1099 4063 1148 4121 ΚΡ

43 4155 96 4217 lul.
129 4159 278 4221 Tiberium
296 4160 460 4240 adoptatum
477 4160 589 4236 scimus,
608 4160 706 4223 Vellei.
721 4167 756 4237 2,·
767 4163 832 4220 103.
869 4160 975 4229 Verum
994 4176 1058 4218 erun
1076 4157 1150 4216 diam

617 4274 625 4291 ⁶
844 4252 871 4316 ii
890 4259 912 4314 2
