2550 4574
482 278 489 288 “
555 298 718 359 anatona
822 356 825 365 ,
1046 312 1180 365 ,cuxxxr
1221 349 1228 360 .

79 455 238 516 Victorinus
256 474 287 536 p.
304 459 382 516 asto
398 456 434 516 Ρ.
452 465 482 522 et
499 455 603 519 Paulus
621 459 701 521 Diae.
719 480 749 539 p.
767 461 975 537 222,1a,ue1
992 462 1016 521 si
1034 464 1077 523 oui
1095 474 1178 527 oete·
1212 524 1216 533 ,

75 551 145 609 atior
163 551 213 610 illa
231 553 351 610 nominis
361 550 460 612 'forma
478 554 620 631 negotium
638 553 810 613 facessebets
833 554 910 613 uuila
928 573 965 613 ne
983 555 1093 634 priuata
1111 559 1176 638 qui-

74 642 140 702 dem
158 644 364 723 superstitione.
378 646 495 706 subnixa
517 647 603 705 fuisse
629 645 755 721 uidetur,
779 655 811 705 nt
835 646 872 706 od
896 664 958 706 mm
977 647 1049 708 sacri
1065 659 1180 726 purtem⁸
1226 694 1229 699 «

72 739 231 816 respexerit
250 739 341 797 Varro
365 740 458 798 uerbis
471 740 522 798 'his
547 756 565 798 a
589 738 675 798 sohel.
694 739 783 799 Pessii
804 745 832 814 1,
850 742 889 797 72
913 741 1046 799 seruatiss
1069 740 1176 803 Palilia

71 837 132 889 teas
150 830 267 910 pollion
285 848 369 909 σσσσι
386 835 501 910 mortu
517 839 593 894 soni.
631 831 774 892 Priuatum
800 820 908 892 morum
934 851 990 893 nun
1015 842 1085 912 puto
1108 834 1174 913 diei,

7 942 9 947 ·
69 941 107 982 na
123 925 185 982 eius
200 924 313 1003 quidem
329 925 421 1002 modi,
437 925 473 985 de
488 944 545 1004 quo
559 926 659 985 Festos
677 924 983 1005 p.321,11,sio.,sed
1003 927 1102 1004 partim
1120 945 1175 1006 pso

6 954 11 1059 l
69 1016 211 1093 Vestales,
229 1020 270 1090 uti
288 1019 391 1078 indicat
402 1017 519 1079 Ouidius
533 1021 720 1094 n.640,731,
739 1019 839 1096 partim
855 1020 917 1085 sine
935 1019 1067 1098 pontifice
1080 1039 1098 1079 a
1113 1021 1173 1100 pri·

68 1111 140 1169 uatis
160 1099 285 1170 oonliari.
324 1112 409 1182 Quod
428 1112 483 1171 dixi
501 1112 680 1172 uetustiorem
699 1110 818 1171 formam
836 1111 969 1189 Petilio,
987 1100 1070 1172 in'eo
1089 1132 1171 1193 egre·

66 1204 143 1281 pum
162 1202 377 1283 suffragatorem
396 1207 486 1265 habeo
507 1206 719 1283 Goettlingiurn,
740 1204 802 1264 hist.
821 1207 892 1284 reip.
911 1205 967 1267 Ro.
987 1225 1017 1284 p.
1028 1210 1084 1266 163
1102 1226 1171 1268 aun.

66 1297 95 1370 ⁴,
114 1297 166 1375 qui
189 1295 274 1357 docta
297 1301 456 1359 coniectura
473 1298 579 1379 Aprilis
602 1317 704 1358 nomen
723 1297 788 1357 inde
806 1301 917 1379 repetit.
962 1299 1101 1361 Credibile
1125 1307 1170 1361 ast

67 1389 196 1449 Cincium
215 1401 267 1452 aut
284 1393 433 1453 Caesam
453 1393 613 1452 abstersisse
632 1392 768 1450 uocabulo
787 1395 947 1470 aeruginem
965 1402 995 1454 et
1013 1395 1169 1457 emouuisse

65 1481 102 1540 de
121 1483 265 1562 analogias
292 1485 368 1544 libris
390 1487 522 1546 Varronis
547 1505 630 1544 manu
654 1486 762 1563 scriptis
786 1486 809 1544 si
834 1486 903 1545 lides
928 1497 989 1562 est,
1011 1487 1167 1547 umanum
1204 1478 1207 1483 ¹

63 1577 200 1637 suendae
216 1564 323 1637 inuisae
341 1578 419 1657 prius
437 1577 515 1637 dedit
533 1597 617 1657 quam
631 1580 742 1653 Cicero,
763 1578 839 1636 ouius
854 1578 1071 1659 Philippicarum
1089 1579 1167 1660 frag·

62 1676 192 1729 mentum
208 1671 328 1730 traditur
345 1690 363 1731 a
381 1671 469 1731 schol.
488 1672 575 1731 Persii
594 1671 614 1729 l.
633 1672 706 1732 inde
732 1671 852 1742 Palilia,
872 1691 944 1749 quoe
961 1690 1035 1733 nono
1052 1673 1166 1735 Parilia

8 1746 19 1775 ⁸
62 1748 1165 1843 mmmmmdtdmm‚uetqoodsoutomoduu1somour‚uamo

61 1858 229 1935 manipolio,
254 1878 366 1920 oooesso
384 1860 469 1935 suano
488 1859 596 1918 audior.
635 1860 688 1918 His
709 1860 785 1919 locus
804 1877 860 1918 non
882 1860 982 1920 dieitur
999 1860 1115 1933 inueniri
1133 1859 1164 1920 in

61 1968 183 2029 corpore
199 1953 342 2030 Tulliano,
361 1955 402 2013 uti
422 1972 474 2012 nee
492 1954 573 2028 alter,
594 1954 643 2031 qui
661 1970 697 2012 ex
715 1951 786 2010 libro
805 1964 904 2029 quarto
923 1962 1053 2010 enomtur
1070 1953 1165 2013 aNo·

60 2044 107 2102 nio
126 2064 157 2122 p.
171 2048 241 2117 373,
257 2050 306 2106 29.
346 2047 411 2107 Νοσ
436 2055 479 2106 est
503 2047 591 2104 otium
614 2044 788 2124 inquirendi,
813 2047 859 2106 ubi
877 2046 1011 2105 excidisse
1027 2041 1163 2123 potuerit,

59 2146 90 2195 et
108 2156 177 2196 num
197 2141 360 2217 pertinuerit
378 2140 416 2199 ad
435 2141 576 2199 uictoriam
596 2139 656 2198 Caii
670 2139 797 2198 Caesaris
811 2138 1030 2215 Hispaniensem,
1050 2138 1087 2198 de
1104 2157 1162 2218 qua

60 2228 177 2290 disserui
196 2251 280 2311 supra
300 2253 329 2311 p.
341 2252 439 2295 xxvi.
477 2233 521 2292 De
540 2233 684 2291 vinalibus
703 2228 910 2309 supradictum
929 2238 972 2287 est
993 2247 1102 2308 pus
1115 2250 1159 2310 sq.
1268 2274 1271 2283 ,

60 2321 152 2383 Vnum
171 2324 332 2386 addendum
352 2337 410 2403 est,
434 2326 510 2406 qood
529 2325 566 2383 ad
587 2326 637 2384 luas
656 2327 762 2404 priores
781 2324 839 2383 'eius
860 2324 974 2381 nominis
992 2322 1076 2398 serias
1093 2341 1160 2401 pes·

58 2418 147 2476 tiuera
166 2427 197 2477 et
216 2421 337 2499 uulgaris
355 2423 427 2482 illius
446 2422 548 2479 erroris
568 2429 759 2497 argumentum
779 2415 921 2475 continere
939 2415 1067 2474 uidetur:
1090 2416 1159 2475 Plu·

58 2513 172 2569 mochus
198 2525 307 2590 quaest.
328 2535 368 2574 ro.
389 2534 415 2574 s.
435 2515 473 2572 45
502 2514 559 2572 uini
586 2512 726 2592 quandam
752 2512 808 2570 uim
833 2508 950 2567 effusam
976 2518 1071 2568 namet
1096 2508 1158 2569 τῶν

58 2598 272 2681 Οὐενεραλίων
291 2607 330 2688 τῇ
350 2599 451 2688 ἑορτῇ.
491 2607 536 2664 De
554 2609 665 2665 canario
683 2605 817 2665 sacrificio
835 2602 1014 2680 Robigalibus
1034 2605 1064 2679 d,
1083 2622 1163 2664 nem.-

56 2699 235 2774 eoo-910,
249 2703 305 2759 933
318 2706 412 2761 -936
431 2700 497 2760 nihil
516 2709 570 2776 est,
591 2700 667 2778 quod
687 2698 825 2759 annotatis
846 2697 882 2754 ab
900 2696 1014 2755 Heinsio
1034 2706 1063 2756 et
1079 2697 1157 2757 Nea·

55 2792 115 2870 poli
135 2792 271 2868 addatur,
296 2796 347 2853 nisi
371 2795 445 2854 sorte
463 2794 499 2852 ad
520 2814 548 2855 u.
566 2797 622 2851 933
648 2795 736 2852 uerba
755 2791 846 2850 Seruii
864 2789 901 2848 ad
919 2792 991 2850 Aen.
1010 2796 1059 2865 12,
1081 2793 1155 2867 reos
1210 2834 1215 2849 .

52 2884 115 2944 ideo
132 2890 319 2963 mupistrotus
336 2894 363 2946 et
380 2886 567 2962 saorifimturi
584 2894 678 2963 teporo
695 2889 871 2961 presentem
891 2880 991 2942 hebent
1009 2890 1036 2941 et
1053 2901 1156 2942 monos

12 2994 16 3075 ι
53 2977 170 3037 olidus
188 2979 323 3057 dempera
340 2980 420 3040 lisois
439 2979 601 3040 utensilibus
619 2986 730 3041 aurunt.
769 2978 800 3036 lo
819 2975 922 3034 Vestae
939 2994 1020 3039 sacro
1040 2976 1089 3033 llll
1105 2975 1158 3066 Iil’¹

13 3082 17 3101 ¹
52 3070 132 3145 nau,
160 3074 237 3150 quod
256 3076 361 3154 σ.·933
381 3074 474 3132 laurus
493 3086 568 3132 stare
585 3074 732 3145 iubentur,
749 3078 814 3129 sunt
833 3085 902 3143 eae,
926 3087 995 3146 quas
1012 3061 1071 3144 apd
1091 3065 1154 3126 τῶν

52 3163 221 3238 βασιλείων
240 3168 449 3246 προτίθεσθαι
469 3170 507 3228 ait
525 3169 580 3226 Dio
601 3166 680 3225 Cass.
699 3165 816 3237 3316,
838 3178 966 3239 quaeque
983 3159 1153 3233 remedorum

15 3306 18 3313 .
52 3259 143 3317 forma
162 3261 192 3318 iu
211 3263 301 3319 nemis
319 3263 434 3339 Augusti
453 3280 539 3341 saepe
558 3261 756 3338 exprimuntur.
793 3254 932 3313 Fortassis
951 3271 986 3312 eo
1004 3253 1050 3314 die
1068 3272 1152 3314 reuo-

53 3354 213 3427 uabantur,
238 3354 469 3431 quemadmodum
487 3356 515 3411 in
534 3354 625 3431 prisea
644 3351 714 3409 aede
732 3348 799 3406 Kal.
819 3347 939 3422 Martiis,
955 3345 1015 3408 Ou.
1032 3351 1062 3423 3,
1084 3351 1165 3407 141.-

21 3490 29 3507 .
51 3444 128 3504 Knl’.
142 3446 212 3505 Mai.
231 3447 320 3505 mrum
339 3447 506 3507 Praestitum
526 3447 616 3504 cultus
635 3440 821 3506 obsoleuerat.
857 3439 956 3499 Bonae
974 3440 1044 3500 deae
1063 3439 1151 3501 ferias

51 3550 170 3618 prepter
187 3541 285 3618 templi
304 3541 505 3600 dedicationem
524 3540 649 3598 diuersas
665 3535 751 3592 suisss
769 3550 787 3591 e
804 3549 884 3593 saoro
905 3535 965 3594 eius
983 3543 1149 3614 opertanea,

50 3631 79 3689 in
97 3652 156 3710 quo
175 3632 290 3693 Clodius
309 3633 433 3712 deliquit,
453 3633 627 3711 cognoscitur
645 3649 680 3689 ex
699 3627 760 3686 cie.
769 3644 817 3705 ep.
827 3626 864 3685 ad
875 3629 933 3687 att.
947 3633 1025 3703 l,12
1044 3628 1147 3705 scripta

49 3723 116 3784 Kal.
135 3728 208 3799 lam,
234 3746 303 3803 neo,
328 3739 360 3786 ut
378 3729 506 3800 uidetur,
525 3727 561 3786 de
580 3727 663 3784 rebus
686 3721 872 3784 semestribus.
912 3719 956 3777 Ad
981 3719 1064 3779 ferias
1087 3721 1149 3809 illas

48 3836 116 3877 num
136 3819 314 3879 referendum
328 3822 374 3896 sit,
393 3820 468 3899 quod
480 3816 575 3895 Lydus
589 3820 619 3892 4,
629 3819 681 3892 62,
698 3834 728 3894 p.
738 3817 795 3876 238
804 3817 858 3873 aits
876 3804 983 3892 πρώτη
1003 3807 1038 3872 δέ
1056 3803 1148 3890 {opst

49 3910 106 3969 τοῦ
118 3907 236 3971 Μαΐου
243 3905 503 3993 πσρὰῬωμαίσις
516 3906 549 3972 αἱ
565 3907 633 3991 περὶ
653 3908 786 3984 σεισμῶν
805 3901 925 3977 insoles,
944 3906 1048 3965 neseio.
1073 3907 1148 3965 Ter·

50 4023 111 4064 ram
128 4023 165 4065 so
184 4024 280 4066 meuse
298 4011 469 4088 potissimum
487 4023 602 4066 mouere
620 4003 695 4064 idem
713 4000 813 4078 Lydus
827 4000 864 4059 de
882 4008 983 4061 ostent.
1003 4016 1030 4057 a.
1049 4001 1088 4054 la
1104 3995 1147 4054 ai·

41 4097 158 4173 ¹firmata
183 4119 234 4159 eor
250 4103 287 4158 ob
305 4119 367 4160 earn
387 4120 446 4159 rein
464 4101 580 4159 Faunae
598 4097 721 4170 Fatuae,
746 4111 819 4172 quae
838 4112 856 4151 a
873 4090 1027 4151 latmcendo
1046 4107 1147 4150 nornen

35 4190 176 4277 ‘moereo
194 4194 382 4257 sassifiuettua
397 4194 448 4270 sit,
466 4191 629 4256 Clauseoius
647 4194 719 4250 iuter
740 4197 783 4247 tot
795 4185 1033 4268 philosophantem
1047 4202 1076 4262 p·
1088 4181 1147 4241 850
