2550 4574
122 231 230 281 xxvnt
599 232 643 277 ott
665 230 741 277 rme

123 385 307 455 Circensibus
317 382 514 454 tenniotstur,
532 383 580 461 qni
598 382 711 461 quidem
730 384 854 462 plurium
871 391 936 447 suot
955 381 1082 442 dierum:
1099 382 1138 443 de
1156 384 1228 443 Flo-
1265 448 1267 467 Ε

75 534 84 561 ,
122 480 226 537 ralibus
246 477 364 541 Ouidius
382 485 511 537 testatur.
548 476 657 535 Delude
675 477 787 554 quidam
814 477 872 535 ludi
898 497 954 535 uno
974 478 1040 535 olim
1064 476 1111 549 dis
1131 486 1228 551 trans-¹

121 572 177 629 acti
195 580 270 646 sunt,
289 581 387 648 postea
404 571 463 629 dies
482 567 584 628 adiecti
602 569 657 628 alii.
686 571 709 627 li
727 571 786 635 dies
803 590 882 629 more
900 580 1034 629 consueto
1054 570 1230 643 antecedunt

121 675 244 725 ueterem
270 664 344 725 dem
369 665 521 723 solemnem
552 673 581 721 et
606 681 727 740 superne
753 673 945 725 resonarunt:
982 673 1063 723 uetus
1089 662 1227 729 inedia

121 758 295 817 Circensibus
314 758 501 834 distinguitur.
534 757 576 814 lta
593 757 690 816 Liuius
702 761 753 833 27,
768 762 805 815 2³
824 759 1000 836 Apollinares
1019 756 1057 814 lll
1073 755 1152 814 Non.
1169 775 1227 816 uno

120 851 167 923 die
190 851 344 909 celebratos
370 851 455 909 dicit:
485 849 568 911 credo
595 850 851 928 corrigendumlll
869 851 921 925 ld.,
946 851 1066 929 alioquin
1095 850 1170 909 enim
1196 849 1229 908 bi

118 944 177 1002 ludi
196 946 224 1002 in
243 943 447 1023 Poplifugium',
473 944 543 1002 alius
568 943 614 1002 dei
632 942 716 1003 ferias
735 945 911 1019 incidissent,
937 943 1013 1021 quod
1040 944 1114 1020 ipsa-
1126 960 1226 1001 eorum

119 1038 165 1097 Iex
184 1039 271 1095 uetuit
290 1046 360 1095 teste
378 1037 468 1094 Dione
487 1040 536 1112 47,
556 1040 603 1096 18.
641 1039 679 1096 lll
699 1039 771 1097 ldus·
782 1039 899 1116 Augusti
916 1056 988 1096 aeno
1007 1038 1122 1095 ultimus
1136 1036 1228 1113 Apol-

21 1159 24 1164 ·
118 1131 247 1188 linarium
272 1130 331 1188 dies
351 1130 495 1187 Circenses
520 1141 624 1190 seruat.
668 1132 827 1209 Augustalis
854 1133 919 1189 uiuo
938 1134 1063 1208 Augusto
1090 1147 1148 1197 uno
1178 1127 1226 1187 dte

119 1223 275 1299 agebantur
292 1231 464 1281 monstrante
482 1225 577 1282 tabula
596 1234 706 1283 nostras
733 1234 844 1283 mortuo
860 1243 894 1282 eo
913 1225 943 1282 in
964 1223 1111 1287 octiduum
1126 1231 1226 1283 exten·

119 1314 274 1374 debentur:
302 1325 382 1375 uetus
400 1317 459 1375 dies
479 1319 589 1376 ultimus
608 1329 638 1376 et
647 1319 837 1379 Circensibus·
850 1318 964 1395 insignis
981 1316 1045 1390 fnit,
1065 1316 1109 1374 uti
1126 1333 1164 1373 ex
1182 1324 1226 1373 ta·

120 1408 187 1466 bula
205 1411 375 1467 Amiternina
394 1412 578 1487 cognoscitur.
616 1412 679 1469 Hoc
696 1413 780 1489 igitur
798 1413 828 1469 in
846 1411 920 1469 ludis
939 1411 1071 1468 uictoriae
1089 1407 1227 1471 Sullanae

118 1520 231 1578 quoque
256 1502 360 1561 factum
388 1505 524 1563 existimo.
562 1505 704 1563 Hactenus
728 1505 764 1564 de
788 1504 896 1563 lacunis
920 1522 1022 1582 magna
1046 1521 1110 1560 cum
1129 1510 1226 1561 nocua

118 1594 238 1653 utilitate
257 1596 287 1653 in
306 1599 402 1656 tabula
422 1598 563 1658 Maffeana
582 1616 600 1656 a
618 1598 718 1674 Pigbio
744 1607 873 1656 accurate
899 1598 1011 1656 notatis.
1048 1595 1226 1671 Adiungabrr

117 1689 211 1760 statim
229 1689 306 1746 aliud
331 1691 439 1768 insigne
466 1701 495 1750 et
520 1693 613 1769 magni
635 1692 777 1750 momenti·
796 1692 957 1768 diligentiae
975 1691 1035 1748 eius
1053 1689 1224 1766 exemplum.

117 1785 151 1841 A.
166 1782 194 1840 d.
216 1782 294 1841 Vld.
310 1785 381 1858 Aug.
401 1784 552 1861 ascriptum
572 1787 674 1862 legitur
693 1785 776 1844 HOC
789 1786 853 1843 DlE
865 1790 878 1862 ΙΙ
891 1785 1039 1845 CAESAR
1049 1783 1063 1856 ll
1075 1780 1225 1842 HISPALI

115 1875 191 1934 VlC.
210 1877 284 1953 apud
305 1877 458 1934 Gruterum
484 1887 513 1936 et
532 1879 705 1952 Graeuium,
731 1878 887 1956 eademque
912 1878 998 1936 uerba
1023 1876 1225 1941 aliteredinisa

115 1970 192 2048 apud
204 1969 372 2048 Fogginium
384 1977 413 2028 et
427 1968 563 2029 Orellinm
573 1993 583 2047 3
604 1971 684 2032 HOC
695 1974 760 2031 DIE
772 1973 920 2032 CAESAR
931 1971 944 2043 ΙΙ
956 1971 1136 2030 HISPALIM
1149 1970 1222 2029 VIC.

114 2062 193 2142 apud
207 2062 325 2138 Aldum3
344 2061 435 2121 HOC.
446 2064 521 2122 DlE.
535 2066 684 2124 CAESAR
695 2063 709 2135 ΙΙ
722 2065 908 2124 HISPALIN.
920 2066 993 2125 VlC.
1010 2063 1086 2143 apud
1101 2063 1222 2121 Moroel·

114 2156 194 2215 lium.
226 2157 269 2214 lta
288 2174 352 2214 cum
371 2158 554 2236 scripsissent,
573 2160 677 2218 deinde
695 2159 841 2237 conquesti
857 2166 924 2217 sunt
940 2160 1012 2218 miro
1031 2170 1060 2217 et
1078 2161 1221 2236 insperato
1260 2152 1267 2175 ³

116 2251 201 2308 modo
220 2249 294 2308 istud
315 2251 451 2329 oppidum
469 2253 582 2328 induci,
609 2263 757 2330 postquam
776 2253 862 2331 paulo
881 2262 947 2311 ante
966 2254 1051 2311 totius
1067 2252 1221 2329 Hispanias
1263 2266 1265 2271 ·

116 2344 251 2402 citerioris
275 2345 401 2402 subactio
419 2358 636 2407 commemorata
653 2357 744 2422 esset,
772 2357 832 2405 tum
851 2356 962 2423 tempus
982 2365 1037 2403 non
1058 2344 1220 2418 conuenire,
1265 2332 1267 2365 ³

114 2456 172 2516 quo
189 2437 321 2495 Corduba
335 2447 363 2495 et
378 2440 500 2518 Hispalis
519 2451 619 2519 captae
638 2450 748 2500 essents
768 2450 900 2519 poterant
920 2441 976 2497 boc
994 2440 1087 2517 ipsum
1105 2454 1219 2517 quoque

114 2531 354 2606 animaduertere,
376 2533 482 2610 oppida
500 2552 556 2591 non
576 2535 660 2604 uinci,
679 2534 731 2593 sed
750 2535 823 2611 capi.
862 2533 1008 2593 Postremo
1027 2529 1221 2610 deprebende-

112 2636 179 2685 runt
203 2625 302 2684 eodem
326 2625 381 2684 hoc
406 2627 453 2685 die
477 2629 507 2685 in
531 2628 593 2685 aliis
621 2627 720 2701 lastis,
745 2628 880 2685 Amitem.
901 2633 930 2685 et
948 2627 1065 2699 Antist,
1094 2641 1221 2702 pugnem

112 2720 299 2778 Pharsalicam
313 2723 452 2797 annotari,
471 2723 583 2800 quicum
602 2721 731 2799 apprime
750 2721 887 2778 consentit
902 2720 1002 2778 Cicero
1015 2718 1051 2779 ad
1065 2716 1135 2775 fam.
1148 2718 1219 2793 7,4.

110 2813 179 2870 Fuit
197 2831 328 2890 quoque,
347 2815 396 2891 qui
414 2835 467 2893 pro
488 2813 644 2872 HISPALl.
664 2814 740 2889 VlC.
759 2811 907 2890 legendum
926 2831 998 2887 esse,
1017 2820 1050 2869 ut
1068 2811 1096 2869 ei
1113 2810 1222 2886 placet,

111 2905 332 2965 PHARSALIA.
353 2908 458 2966 VlClT
478 2908 685 2984 suspicaretur,
699 2907 873 2984 Foggiuins:
899 2909 929 2964 in
948 2924 1005 2984 quo
1024 2923 1080 2963 non
1098 2903 1221 2961 multum

111 3000 264 3076 acuminis,
289 3001 339 3059 sed
367 3021 468 3079 magna
493 3001 679 3078 negligentiae
697 3002 800 3058 ciuium
823 3020 939 3059 suorum
958 2997 1115 3074 obiurgatio
1135 2997 1220 3055 inest.

110 3094 195 3154 Solus
213 3096 298 3171 igitur
316 3095 431 3173 Pighius
456 3106 564 3154 remota
589 3096 758 3171 negligentia
783 3105 813 3152 et
836 3101 945 3172 remoto
971 3092 1027 3149 alio
1046 3091 1149 3168 quouis
1165 3091 1222 3148 cri·

110 3187 243 3245 mine-
262 3191 376 3248 stultum
397 3192 471 3249 enim
491 3199 564 3248 esset
581 3190 716 3266 suspicari
740 3189 818 3246 illum
842 3185 944 3264 lapidis
969 3185 1137 3269 scripturam
1156 3201 1221 3241 oor·

110 3281 231 3358 rupisse,
249 3291 280 3339 ut
299 3284 459 3341 coniectura
479 3283 639 3360 ingeniosus
660 3300 720 3340 esse
739 3290 835 3359 posset
853 3311 892 3326 -
910 3281 1078 3357 scripturam
1098 3294 1221 3355 reprae-

30 3399 32 3403 ’
108 3375 233 3435 sentauit
251 3383 387 3451 qnatenus
406 3378 435 3433 in
455 3395 593 3435 marmore
613 3375 733 3434 discerni
750 3375 853 3454 potuit,
873 3393 959 3452 quam
975 3373 1037 3450 ipse
1056 3389 1113 3428 non
1132 3372 1221 3429 intel-

110 3470 189 3544 lexit,
208 3468 259 3526 ssd
272 3487 344 3546 quae
357 3477 505 3545 postquem
518 3488 594 3527 noua
607 3469 743 3527 fastorum
759 3468 915 3545 fragmenta
929 3468 982 3525 ista
998 3465 1110 3523 saeculo
1125 3464 1222 3523 XVIII

110 3563 288 3641 prodierunt,
315 3563 447 3620 facillima
467 3572 510 3619 est
529 3562 564 3619 ad
583 3561 807 3638 intelligendum.
846 3561 988 3637 Scriptum
1008 3559 1082 3616 enim
1101 3559 1138 3615 ab
1157 3559 1222 3618 eius

109 3675 194 3716 manu
212 3657 319 3732 inueni,
338 3658 410 3715 sicut
429 3653 516 3728 edidi,
535 3654 684 3714 CAESAR
703 3654 827 3712 HISPl.l
846 3653 919 3712 VIC.
950 3654 1012 3710 Hoc
1030 3669 1118 3709 unum
1135 3651 1221 3712 firmo

109 3762 273 3827 argumento
292 3760 340 3820 ,est
366 3750 443 3808 illum
468 3748 590 3826 lapidem
620 3748 711 3825 ipsum
736 3745 858 3822 uidisse,
891 3745 969 3824 quod
994 3745 1120 3822 alioquin
1143 3762 1222 3805 nun·

109 3863 193 3921 quam
219 3845 280 3921 ipse
298 3843 420 3902 tradidit.
461 3842 555 3901 Credo
580 3859 643 3898 cum
662 3859 698 3898 ex
722 3841 903 3920 pugillaribus
929 3842 958 3898 in
986 3839 1221 3898 commentarium

107 3939 305 3996 transcriberet
323 3939 411 4014 ipsam
430 3936 571 4010 tabulam,
598 3941 697 4012 parum
723 3953 788 3993 eum
814 3934 985 4008 attendisse,
1011 3933 1088 4011 quod
1114 3951 1220 3995 seeun-

107 4031 175 4091 dum
193 4030 317 4109 lapidem
335 4049 419 4089 uuam
437 4031 571 4106 syllabam
590 4026 675 4106 paulo
697 4028 834 4088 diductius
854 4027 1004 4086 CAESAR
1036 4027 1064 4084 Η
1099 4025 1222 4087 {sest

108 4127 260 4206 scripserit.
298 4126 361 4184 Hoc
380 4126 484 4185 centies
508 4123 614 4184 factum
640 4131 700 4199 ost,
727 4131 759 4182 ut
783 4139 859 4201 qnae
884 4122 959 4181 inter
983 4121 1052 4180 alias
1073 4126 1229 4181 uetustate
