2550 4574
443 251 488 299 nn
509 234 602 299 nocis
623 247 802 303 6666666666
1120 256 1172 309 cnr

144 400 268 463 Locus
285 399 453 461 Lucinae
471 407 502 478 2,
520 404 578 461 tao
601 411 832 462 commemoratur
851 407 934 463 etiam
953 422 971 462 a
989 404 1118 481 Varrone
1134 408 1171 468 de

62 496 85 555 l.
106 495 130 555 Ι.
153 494 185 569 6,
205 496 263 553 40..

145 587 318 665 Capreae
343 585 513 664 paludem
531 591 563 662 2,
582 589 641 646 489
664 597 770 667 quanto
792 588 922 648 librorum
948 599 1073 649 ueterum
1098 611 1169 651 con-

63 699 154 742 sensu
172 679 318 754 ediderim,
337 677 425 739 uides.
458 679 517 739 Res
536 689 579 739 est
592 682 745 757 66666666,
763 700 847 760 quarn
868 693 898 740 ut
915 701 1000 760 snpra
1016 683 1099 742 libros
1117 703 1168 743 su·

63 775 136 835 dere
155 774 304 852 quicquam
320 769 413 830 liccat.
454 772 582 832 Heinsius
600 775 710 853 egregie
729 776 888 833 annotauit:
912 785 1033 854 quatuor
1051 777 1172 854 scripta,

64 888 131 927 rum
152 867 219 927 locis
238 867 275 925 ab
292 882 328 924 co
348 864 481 942 prolatio,
499 886 616 945 quorum
637 879 693 926 tres
712 867 756 926 isti
776 869 928 944 scripturae
947 868 1167 946 patrocinantur,

64 959 279 1031 6666666166
297 959 376 1017 Diac.
395 963 425 1036 p.
441 959 488 1029 66,
502 962 539 1030 5,
561 959 624 1020 Liu.
646 956 675 1037 l',
688 964 742 1030 16,
767 961 843 1025 Piut.
861 960 944 1018 Rom.
964 978 993 1037 p.
1005 961 1052 1032 66,
1067 965 1086 1019 7
1099 962 1166 1021 Scir.

64 1055 153 1112 Num.
172 1072 202 1131 p.
213 1055 262 1128 08,
272 1052 303 1128 6,
323 1057 370 1129 qui
389 1052 564 1110 consentiunt
582 1053 610 1109 in
629 1071 730 1130 coprus
747 1051 858 1132 palude.
898 1052 930 1110 In
949 1071 1048 1131 campo
1064 1054 1166 1112 Martio

63 1148 152 1206 inisse
170 1156 287 1206 constat.
317 1144 420 1205 lbidem
440 1145 596 1203 columna
615 1145 761 1222 bellica,
780 1149 810 1222 6,
822 1146 879 1204 206
893 1164 968 1224 666,
987 1145 1093 1224 66666
1108 1145 1165 1206 uid.

63 1240 102 1299 ad
120 1240 164 1302 lb.
182 1243 245 1301 ta·
269 1238 346 1298 lnsra
364 1239 452 1297 omisi.

142 1333 263 1391 Lucus
282 1331 399 1390 Fauni
417 1342 648 1390 commemoratur
666 1330 782 1408 a,295;
802 1334 832 1408 4,
847 1335 920 1391 6496
945 1332 1044 1391 louis
1062 1329 1166 1391 Elicii
1198 1378 1202 1389 .

64 1429 131 1486 item
151 1427 179 1483 in
199 1426 336 1484 Auentino
360 1429 437 1484 locus
457 1425 598 1502 religiosus
617 1429 646 1496 3,
666 1429 740 1501 328,
766 1425 802 1484 ds
821 1444 877 1504 quo
895 1423 1059 1484 Plutarchus
1078 1421 1163 1485 Num

63 1519 153 1578 6166
173 1510 228 1576 adr
247 1511 282 1575 dc*
298 1509 393 1576 τόπον
409 1509 527 1576 ’166666
546 1510 603 1575 rin'
621 1513 735 1578 ἐκείνου
749 1516 1050 1596 προσαγορευθῆναι.
1082 1519 1166 1575 Aram

62 1614 139 1672 lonis
155 1610 237 1670 Elicii
255 1609 367 1669 tradunt
385 1610 476 1670 Varro
495 1611 531 1670 66
552 1610 572 1671 l.
592 1611 612 1671 l.
631 1614 659 1682 6,
672 1613 723 1685 94,
741 1611 804 1670 Lio.
825 1616 856 1684 1,
870 1615 918 1670 20.

139 1705 233 1763 Locus
251 1703 396 1780 religiosus
420 1703 492 1780 tuit,
512 1705 560 1764 ubi
584 1705 731 1783 quotannis
749 1703 854 1762 lauatio
872 1703 969 1762 Matris
987 1700 1069 1759 deum
1090 1700 1164 1757 cele·

63 1798 209 1872 brabatnr,
227 1814 310 1874 quam
330 1797 451 1875 primum
469 1798 572 1856 factam
591 1798 692 1856 indicat
712 1795 829 1857 Ouidius
848 1797 876 1866 4,
891 1798 958 1854 339.
997 1793 1108 1851 Videbis
1127 1790 1164 1850 de

61 1910 142 1951 sacro
161 1890 280 1968 locoque
297 1891 482 1969 interpretes,
502 1890 637 1951 Orellinm
656 1899 686 1950 et
703 1890 738 1952 L.
758 1891 876 1964 Viuem,
895 1888 931 1949 ad
949 1887 1054 1945 Arnob.
1074 1889 1104 1959 7,
1124 1889 1163 1947 32

61 1995 90 2044 et
103 1986 221 2062 August.
241 1982 310 2044 66.
330 1989 361 2060 2,
373 1985 402 2047 4.
441 1982 519 2043 Nihil
537 1985 610 2044 eniru
628 1984 755 2063 amplius,
775 2001 859 2063 quam
878 1981 953 2060 quod
974 1978 1090 2040 Ouidius
1108 1977 1161 2036 do·

63 2087 119 2153 cel,
136 2077 189 2135 alii
206 2075 309 2135 habent
326 2079 485 2156 scriptores.

129 2170 183 2228 *De
200 2170 278 2228 luco
296 2169 485 2248 Robiginis
505 2188 595 2248 aeque
607 2187 708 2246 magna
723 2179 765 2227 est
778 2168 926 2227 difficultas
943 2165 973 2224 in
993 2159 1163 2225 concilianda

62 2261 156 2324 Ouidii
175 2252 334 2321 namatione
350 2262 452 2339 4,006
466 2281 528 2341 sqq.
551 2281 614 2320 cum
637 2262 726 2321 Verrii
751 2262 881 2320 lemmate
906 2261 935 2317 in
961 2258 1056 2318 tabula
1081 2255 1163 2315 tertia

60 2355 256 2416 Praenestina:
275 2354 414 2415 FERIAE
428 2397 436 2413 .
449 2354 602 2416 ROBlGO
615 2396 624 2413 .
636 2355 720 2414 viu.
736 2354 898 2414 CLAVDlA
914 2395 922 2412 .
936 2347 1165 2411 6666616..
1264 2420 1266 2425 .

60 2449 374 2527 6166666666
393 2446 633 2507 accommodandis
653 2448 695 2507 his
714 2447 806 2506 uerbis
826 2447 862 2506 66
882 2447 962 2505 Pauli
980 2443 1098 2503 Diaconi
1116 2452 1162 2500 te·

59 2543 216 2604 stimonium
242 2562 272 2620 p.
284 2540 335 2616 46,
352 2544 388 2598 7:
418 2540 566 2600 0666666
589 2549 674 2618 porto
696 2546 805 2602 Romus
833 2540 908 2600 dioto
935 2546 978 2601 osi
1004 2539 1070 2616 quta
1097 2553 1164 2599 666

60 2639 156 2714 lotape
174 2636 215 2695 66
233 2654 272 2695 66
290 2632 329 2694 66
345 2633 513 2711 plorandum
532 2634 673 2693 66666666
690 2633 770 2693 adua
789 2645 842 2692 stc.
876 2634 908 2693 Si
926 2632 962 2690 de
982 2631 1079 2690 codem
1098 2629 1164 2687 loco

60 2742 88 2792 et
104 2731 238 2791 sacrificio
262 2732 315 2786 ista
340 2727 432 2787 omnia
453 2726 630 2804 intelligenda
653 2736 736 2804 sunt,
764 2730 877 2806 (66666
895 2725 1050 2784 detrectare
1069 2720 1164 2781 licebit·

59 2824 130 2883 lranc
148 2821 360 2882 sollicitudinem
380 2819 511 2897 quamdiu
532 2813 604 2877 nihil
622 2831 769 2898 praeterea
790 2818 965 2898 exploratum
985 2817 1059 2888 erit)
1084 2823 1160 2874 certe

59 2917 123 2977 serni
142 2936 200 2974 non
217 2923 311 2993 potest
324 2912 431 2971 Saclrsii
451 2913 641 2991 interpretatio
658 2920 684 2986 l,
699 2933 731 2991 p.
742 2918 799 2970 222
819 2912 942 2990 putantis
956 2906 1088 2968 Ouidium
1099 2907 1161 2964 No·

59 3017 153 3067 mento
179 2998 359 3080 redeuntem,
385 3005 461 3084 quod
486 3007 576 3062 minus
598 3004 787 3083 duodeuiginti
812 3006 897 3062 millia
920 3020 1053 3082 passuum
1069 3001 1163 3058 Roma

59 3099 154 3176 distat,
172 3099 270 3159 fecisse
288 3101 342 3158 iter
355 3117 445 3175 aeque
462 3116 592 3175 magnum
611 3105 688 3154 tram
707 3098 781 3159 uiam
794 3097 930 3156 Salariam
950 3093 989 3153 sd
1005 3110 1067 3150 eam
1085 3093 1163 3152 uiam
1187 3085 1193 3090 ⁹
1257 3130 1260 3135 -

59 3193 203 3268 Clodiam,
225 3194 284 3251 siue
303 3192 462 3261 Claudiam,
490 3209 562 3270 quae
574 3189 732 3248 ‚secundum
754 3190 877 3247 tabulam
896 3186 1057 3263 Peutinger.
1076 3184 1160 3243 sold

58 3285 101 3346 ed.
119 3287 233 3345 Monac.
253 3306 269 3344 6
290 3287 337 3344 uia
356 3284 491 3342 Flaminia
518 3284 702 3341 sinistrorsum
728 3280 764 3338 66
784 3282 895 3342 Rubras
921 3280 1060 3350 discessit,
1087 3279 1162 3340 6666
1201 3275 1203 3280 ’

57 3379 211 3438 milliarium
230 3395 246 3434 a
265 3387 348 3454 porta
362 3377 498 3435 Flaminia
512 3395 628 3451 nonum,
647 3382 818 3432 monstrante
833 3373 969 3450 Fogginio
989 3393 1021 3451 p.
1031 3374 1080 3446 64,
1099 3381 1161 3431 tum

56 3469 184 3547 Nibbyo,
202 3469 291 3528 Nard.
311 3480 352 3530 to.
367 3473 396 3540 4,
414 3488 444 3548 p.
454 3469 492 3526 66
505 3487 584 3547 sqq:
610 3486 702 3545 neque
721 3472 789 3544 ergo
808 3467 875 3544 quid
894 3466 988 3528 Ouidii
1008 3485 1088 3528 uersu
1102 3466 1159 3523 906

55 3563 121 3634 fiac,
148 3564 325 3640 intelligitur,
350 3579 443 3641 66666
460 3563 514 3620 ista
532 3562 578 3619 uia
598 3561 715 3620 Claudia
733 3561 831 3624 habuit
849 3562 1003 3623 usiliarium
1023 3560 1160 3640 quintum.

54 3657 99 3715 Ex
117 3676 172 3733 eo,
198 3656 273 3734 quod
292 3656 425 3714 Antonini
444 3655 614 3717 itinerarium
634 3674 665 3732 p.
676 3655 713 3712 66
734 3653 779 3712 66.
800 3654 908 3714 Schott.
931 3658 1006 3711 1600
1026 3657 1070 3710 uia
1092 3651 1158 3709 Clo·
1226 3689 1228 3693 -

53 3751 102 3809 dia
122 3751 243 3808 Romam
262 3751 402 3828 perueniri
420 3748 520 3823 docet,
541 3748 607 3805 nihil
627 3747 694 3805 certi
712 3746 802 3823 colligi
821 3756 915 3825 potest
932 3745 968 3803 de
984 3754 1083 3821 porta,
1104 3759 1160 3818 qua

54 3846 154 3903 urbem
173 3843 278 3904 introiri
298 3860 412 3901 necesse
430 3841 524 3906 luerit.
563 3841 622 3899 Sed
641 3850 734 3899 tamen
755 3838 872 3897 Ouidius
890 3838 976 3897 Pont.
995 3843 1024 3911 l,
1037 3840 1067 3910 8,
1081 3837 1143 3900 432,

313 3955 381 4012 quos
398 3934 529 4014 potiferia
547 3937 653 4012 positos
672 3937 701 3997 ia
720 3931 833 3991 collibus
852 3931 947 3993 turm

257 4032 370 4109 Spectat
391 4028 550 4091 Flaminiae
569 4025 668 4086 canu
684 4029 781 4085 iuaoio
799 4028 864 4088 tutuo

51 4133 273 4199 commemorat,
292 4121 404 4183 eosdem
423 4123 482 4181 sine
502 4119 600 4197 dtcbio,
617 4122 665 4198 qui
684 4130 718 4180 tr.
741 4125 769 4197 l,
786 4125 834 4195 ll,
848 4121 902 4193 375
923 4120 952 4192 4,
968 4119 999 4190 8,
1012 4117 1050 4173 27
1070 4112 1158 4172 nomi·
