2550 4574
441 248 589 295 salvant
610 247 777 299 tranem
1087 248 1159 297 XXV

56 395 176 456 eredidit
195 395 235 456 ad
246 396 398 459 'Kabudas
416 401 597 478 pertinuisses
622 401 691 461 nihil
710 416 820 475 marera
846 403 974 480 quamuis
992 403 1065 463 enim
1083 401 1161 477 apud

57 510 156 551 omnes
175 493 298 552 editores
316 494 353 552 ab
371 493 444 552 Aldu
462 494 500 553 ad
519 492 656 555 Orellium
675 506 768 571 estet,
793 497 1047 574 certe·ligmentnm
1065 507 1108 555 est
1125 514 1162 557 ex

59 583 177 645 Sueten.
198 585 265 645 Oct.
285 589 321 643 31
343 587 477 664 petitum:
499 589 698 666 Compitaliciis
715 589 791 648 lusus
808 608 908 649 murs
926 590 968 649 bis
985 609 1059 650 asso
1075 593 1162 649 Μὶ-

63 680 137 753 tuit,
150 683 243 738 ternis
262 677 377 753 floribus
394 688 422 739 sl
440 686 575 743 natiuis..
602 683 666 741 Non
687 690 730 742 est
748 683 889 759 Quotam,
909 685 1027 761 opinor,
1047 684 1161 761 Compi-

68 771 132 829 talia
143 790 285 851 nunqnam
297 793 353 832 nnn
368 778 546 855 conceptiuas
561 777 645 835 terias
661 775 757 848 faisse,
775 777 811 835 de
826 797 882 855 quo
896 796 997 855 genere
1012 777 1161 854 aliquanda

69 861 138 922 infra
154 883 276 943 agemus.
311 868 447 946 Sequenti
465 873 567 929 mensis
582 870 653 928 Maii
673 869 756 928 biduo
775 869 921 929 discedunt
939 869 1162 947 interpolatores.

68 956 151 1016 Aldus
168 963 263 1038 etqui
280 978 344 1019 eum
362 962 529 1041 sequuntur,
548 964 707 1023 Marcelline
721 972 751 1020 et
764 964 903 1022 Gruterus
922 973 1071 1039 utrumqne
1088 962 1162 1019 diem

71 1050 227 1113 carnitialern
250 1052 435 1130 iaciunt,.ad
461 1059 545 1117 tidem
570 1058 719 1136 fragmenti
740 1056 870 1115 Venusini
893 1058 953 1119 sine
970 1056 1071 1114 dubio:
1098 1072 1164 1115 saur

73 1152 160 1201 nnbm
176 1148 307 1205 umidum
323 1150 473 1226 Fogginius
493 1154 632 1211 Graeuius
651 1159 681 1209 et
699 1148 821 1209 Orellins
840 1150 934 1226 priore
958 1148 1020 1224 die,
1041 1148 1091 1207 sed
1115 1166 1164 1207 se·

12 1268 14 1277 ’
76 1248 194 1313 quantem
211 1241 315 1300 scibcet
330 1242 454 1301 doctiore
469 1244 584 1301 artificio
599 1244 654 1301 EN
671 1244 791 1320 signant,
810 1242 886 1319 quod
900 1242 974 1301 unde
986 1243 1164 1321 sumpserint,

12 1361 18 1374 ·
79 1347 127 1388 non
142 1333 260 1393 muenia.
300 1336 394 1394 Credo
413 1337 526 1394 miratos
551 1355 612 1395 esse
633 1346 690 1394 tam
709 1354 773 1393 raro
792 1336 935 1393 intercisos
954 1335 1013 1394 dies
1031 1336 1164 1395 inueniris

12 1454 20 1466 ·
80 1420 135 1482 ierit
150 1426 177 1484 id
190 1429 275 1487 etism
289 1427 412 1505 Pighius,
429 1431 478 1506 qui
494 1448 595 1486 nouem
611 1428 711 1487 adesse
727 1428 864 1504 affirmat3
884 1429 950 1486 nihil
968 1431 1054 1507 igitur
1066 1430 1166 1489 tribuit

11 1532 23 1577 ι
80 1516 118 1575 itti
131 1531 302 1597 maesto,
322 1521 399 1599 quod
416 1539 452 1579 ex
470 1521 598 1580 Montani
617 1523 780 1601 apographa
799 1541 880 1581 noxe
898 1525 999 1601 putuit.
1037 1523 1083 1581 Ne
1101 1525 1165 1601 quis

84 1612 312 1673 assassinium
332 1623 474 1693 stuporem
500 1617 616 1675 istorum
640 1619 802 1691 bominum,
826 1618 876 1694 qui
899 1637 955 1675 non
979 1619 1166 1679 intellexerint

11 1710 23 1717 ''
85 1702 149 1764 ludos
162 1708 265 1767 Florae
282 1709 454 1786 supplendos
472 1709 558 1769 lubae
577 1720 644 1770 ante
665 1713 769 1782 amnis,
787 1711 930 1770 sciendam
949 1720 993 1769 est
1011 1712 1039 1769 in
1059 1712 1092 1769 iis
1106 1712 1166 1770 Ve-

11 1796 28 1850 5
78 1801 155 1859 suni
171 1802 322 1878 fragmenti
340 1802 526 1881 apographis,
552 1822 625 1882 qnae
643 1806 755 1863 saecula
773 1805 838 1862 xvi
857 1806 1021 1878 innotuere,
1039 1822 1096 1862 nnn
1115 1805 1165 1875 ita,
1237 1814 1242 1821 “

11 1890 28 1941 t'
76 1894 109 1951 uti
122 1896 196 1973 apud
209 1896 387 1973 Fogginium,
406 1897 498 1956 LVDI
511 1906 542 1957 et
555 1899 646 1958 Lvn1
659 1900 700 1957 [Ν
715 1896 834 1958 ClRCO
849 1898 1005 1957 FLORAE
1024 1915 1094 1974 esse,
1113 1897 1166 1957 sed

11 1999 23 2032 ⁸
71 1986 124 2047 ian.
141 2000 249 2048 tantum
267 1999 312 2047 ter
329 1992 448 2066 ascribi,
467 1992 513 2048 cni
531 2010 594 2053 cunr
613 1993 748 2052 Kalendis
766 1993 887 2051 addatur
905 1992 960 2051 lar.
979 1991 1015 2065 f,
1034 1995 1075 2050 nti
1093 1994 1165 2070 dixi,

10 2086 17 2121 ³
67 2084 116 2141 nisi
132 2083 215 2142 fallor
237 2085 435 2144 intellexerant
453 2085 535 2142 ludus
559 2086 658 2144 larium
683 2087 879 2165 compitalicius
898 2086 990 2143 tridua
1009 2086 1166 2146 celebratos

64 2184 134 2236 teste
150 2178 238 2236 Festo
256 2197 286 2255 p.
297 2181 347 2253 64,
366 2180 405 2234 st
423 2179 487 2236 Vrs.
527 2179 655 2256 inprimis
679 2179 748 2236 illud
771 2181 806 2236 iis
832 2179 941 2248 nocuit,
965 2179 1041 2255 quod
1066 2181 1096 2237 in
1113 2197 1166 2240 aas

59 2275 185 2348 priusnos
201 2274 338 2330 emaum
355 2270 504 2347 dipsslions
522 2290 559 2331 en
583 2290 635 2331 ssa
655 2268 753 2330 Ouidii
770 2271 912 2344 fastmot
930 2271 1008 2330 libris
1025 2282 1165 2351 sumpta,

59 2367 181 2445 quaein
200 2366 263 2423 Aldi
280 2364 374 2425 Ouidii
392 2378 460 2424 tom.
479 2367 516 2425 ΙΙΙ
534 2366 732 2444 praemittitur,
753 2365 810 2422 ludi
824 2367 926 2423 Florae
945 2384 1001 2423 non
1021 2377 1164 2427 natantur.

33 2488 36 2493 ·
60 2463 101 2517 At
112 2459 248 2518 Kalendis
265 2461 340 2534 lan,
360 2462 427 2537 qnia
446 2461 501 2518 illic
520 2462 610 2518 trinae
628 2459 716 2516 feriae
735 2461 836 2517 restim
855 2479 890 2517 ex
909 2459 1014 2518 Ouidio
1034 2469 1166 2521 enotatae

61 2562 149 2627 sunt,
169 2553 323 2611 incredibili
339 2555 509 2624 temeritate,
534 2572 598 2612 cum
616 2554 711 2611 littera
729 2553 758 2610 N
776 2554 873 2611 ultima
891 2554 1028 2612 lemmatis
1045 2557 1168 2632 supersit

59 2649 94 2706 in
113 2648 205 2705 tabula
223 2644 319 2720 ltlaffi,
337 2646 507 2706 refluxerunt
526 2649 564 2705 H.
577 2648 618 2706 K.
633 2647 710 2705 lVN.
725 2646 764 2705 N.
778 2647 899 2705 MART.
911 2648 996 2706 CAR.
1012 2647 1168 2708 MONET.

58 2740 154 2799 Plane
174 2740 262 2798 miror
284 2740 494 2816 Tempestatem
518 2742 655 2799 omissam.
694 2741 725 2798 ld
745 2742 970 2818 supplementum
990 2740 1065 2799 unde
1083 2749 1167 2816 esset,

59 2834 152 2893 Aldus
169 2835 313 2911 ignorasse
333 2833 461 2908 uidetur,
488 2852 579 2912 neque
604 2835 679 2892 enim
697 2833 852 2907 Kalendis,
878 2834 928 2890 uti-
939 2833 1016 2911 apud
1034 2835 1169 2912 Foggin.,

60 2930 163 3002 Gran,
181 2927 284 3001 Orell,
303 2926 352 2985 sed
370 2927 501 2986 1VN0n.
521 2927 598 3005 apud
616 2946 680 2985 eum
700 2939 729 2985 et
744 2927 833 2986 Marc.
853 2928 964 3003 legitur.
1003 2929 1076 2985 Eum
1092 2929 1169 2986 diem

59 3024 100 3082 IV
123 3022 201 3080 Non.
219 3038 317 3079 omnes
335 3019 438 3078 tastum
457 3021 585 3079 lecerunt
604 3021 757 3079 seeundum
776 3020 962 3097 fragmentum
981 3019 1168 3079 Venusinam.

60 3116 207 3175 &hadas
225 3116 364 3191 Augustas
381 3113 468 3171 Aldus
486 3133 571 3191 qnam
590 3122 667 3173 recte
685 3113 808 3173 nefastae
826 3113 943 3186 lecerit,
969 3112 1015 3169 uel
1038 3129 1095 3188 quo
1122 3130 1169 3171 ar·

67 3219 197 3287 gumentn
217 3207 339 3265 Orellius
358 3207 410 3264 NP
429 3208 533 3284 signari
558 3209 697 3282 noluerit,
722 3207 837 3265 difficile
861 3205 930 3263 mibi
950 3213 992 3262 est
1009 3207 1169 3282 anquirere.

69 3305 144 3360 Huic
159 3314 252 3361 tamen
270 3301 421 3370 assentiam,
444 3302 511 3377 quia
530 3303 618 3360 uerba
637 3300 729 3361 HOC.
750 3300 815 3357 DlE
837 3300 956 3370 [damur
974 3297 1013 3356 ud
1031 3297 1169 3370 Pbmsn]

69 3395 172 3455 VlCl'l'
191 3397 232 3454 ita
250 3396 354 3472 scripta
371 3403 437 3454 sant
455 3413 474 3451 a
493 3395 608 3472 Pigbio,
633 3404 665 3452 ut
684 3393 812 3452 dubitare
831 3411 887 3451 nan
907 3391 1027 3470 possim,
1046 3393 1112 3468 quin
1132 3391 1171 3451 ad

67 3489 209 3549 Kalendas
227 3489 402 3568 pertineant:
420 3504 557 3565 nusquam
577 3507 655 3561 uero,
675 3489 726 3546 nisi
745 3486 820 3547 feriis
839 3488 905 3544 talia
919 3487 1050 3559 lemmata
1068 3486 1098 3543 in
1117 3483 1172 3545 bae

68 3584 164 3642 tabula
181 3584 373 3642 ascribuntur:
402 3579 492 3639 seriae
508 3599 578 3639 uero
598 3581 651 3640 NP
670 3582 785 3639 haheat.
824 3579 867 3637 lta
885 3589 995 3652 tamen,
1022 3577 1064 3635 uti
1085 3579 1170 3637 modo

69 3676 177 3753 legisti,
203 3674 390 3753 supplendam
419 3675 517 3751 putaui
542 3674 695 3733 secandum
715 3672 847 3733 Orosium
872 3675 908 3746 a,
929 3673 966 3728 19
993 3677 1021 3729 et
1046 3672 1171 3730 tabulam

71 3769 280 3843 Amiterninam,
298 3786 372 3846 qnae
391 3768 446 3824 boc
465 3768 511 3826 die
529 3770 567 3826 ita
586 3768 687 3827 babetr
709 3768 806 3825 Farina
823 3782 859 3822 aa
879 3767 910 3822 S.
929 3764 960 3823 G.
975 3781 1002 3839 q.
1017 3781 1041 3821 e.
1055 3763 1083 3823 d.
1097 3769 1172 3842 Imp.

72 3863 174 3922 &aas
193 3864 264 3920 Diui
281 3862 306 3936 f.
325 3860 483 3938 scrupulis.
500 3864 662 3922 abtasbrsn
679 3860 800 3939 periuria
818 3857 925 3919 mant.
970 3858 1029 3914 Has
1049 3859 1109 3917 eius
1128 3869 1172 3917 ta·

70 3956 152 4014 balae
165 3956 297 4032 ambages
314 3955 439 4012 solebam
458 3953 527 4011 mibi
545 3954 611 4012 olim
630 3953 808 4031 interpretari
826 3970 861 4010 ex
878 3952 933 4009 illis
947 3950 1045 4009 Dionis
1057 3952 1171 4026 alme:

67 4045 123 4110 rtis
140 4041 203 4127 γὰρ
216 4038 378 4107 Ἀντώνιον
402 4044 455 4106 καὶ
481 4040 554 4116 τοὺς
573 4040 688 4117 ἄλλους
702 4039 871 4121 Ῥωμαίους
890 4038 962 4112 τοὺς
988 4037 1045 4102 σὺν
1069 4039 1172 4121 ἐκείνῳ

66 4136 254 4222 νικηθέντας
272 4134 343 4203 οὔτε
361 4132 520 4221 πρότερον,
539 4132 609 4201 οὔτε
626 4134 707 4217 τότε,
721 4129 765 4212 ὥς
780 4134 831 4200 sal
850 4127 1004 4217 ἑορτάζειν
1022 4135 1107 4215 σφᾶς
1126 4126 1169 4193 ln’
