2550 4574
525 296 680 349 mnscrm
901 288 907 298 ‘
1041 306 1157 360 ccxxv

54 444 219 510 umusm
237 447 386 520 nummu,
404 457 491 528 atque
508 449 537 511 in
555 451 675 512 enodem
693 469 804 533 sensum
821 454 920 524 adds
939 468 1055 532 quorum
1070 462 1157 523 mnis

58 548 153 604 Vortn
171 543 238 602 dnn
256 544 337 620 mast
356 541 396 620 nd
411 542 558 603 notnrnlcc'
572 547 697 606 rodoma
713 544 818 620 rsfrrrr
835 553 952 607 mantus
964 576 1018 620 -ι,
1036 553 1155 628 et8‚tir

56 644 153 707 etro,
175 636 1156 715 qussrnmssltssncrssponundmctnmstunnnms·

54 747 108 806 ntro
132 728 294 788 summisso
320 731 426 791 mutu
451 735 584 789 ciocum
608 732 806 810 itrtctptstotm
832 736 934 809 cm,-
959 734 1155 814 uliiplurind,

55 839 126 898 quos
147 824 239 881 Varro
257 828 373 882 oonoutr
391 822 429 881 od
448 823 545 883 mundi
569 831 666 901 purior
689 827 750 883 stro
773 822 904 886 mro
928 826 1083 902 κακίω
1097 863 1155 894 -.

54 912 121 972 Non
140 914 302 990 intelligitur
319 924 412 974 utrum
438 917 479 974 bis
501 926 625 992 tantum,
653 936 690 976 an
715 925 776 977 tuto
800 917 872 977 libro
897 938 963 979 eum
986 921 1017 978 in
1040 917 1156 981 modun
1179 972 1182 977 .

53 1006 152 1065 Varro
165 1006 345 1086 disputauerit
363 1018 392 1068 et
410 1019 503 1068 tamen
522 1014 550 1068 in
576 1019 654 1070 tanta
673 1030 791 1087 eorum,
816 1030 890 1090 quae
907 1013 1015 1073 Punice
1036 1012 1154 1076 hominis
1248 1065 1251 1072 .

54 1098 172 1177 perfidis
191 1103 342 1181 excerpsit,
367 1102 584 1163 dissimilitudine
601 1106 671 1163 scitu
695 1108 767 1183 opus
785 1113 855 1164 erat.
894 1105 996 1166 Nescio
1015 1124 1100 1185 quem
1117 1107 1155 1168 sit

54 1191 112 1250 fide
132 1191 247 1270 dignum
271 1194 356 1270 illud,
380 1195 456 1274 quod
478 1197 618 1274 traditur,
639 1215 658 1256 a
682 1197 823 1274 Gregorio
847 1199 979 1276 pontifice
997 1200 1154 1262 Varronem

53 1288 117 1344 ess'e
139 1289 327 1348 combustums
352 1307 462 1348 cansam
483 1289 585 1351 habere
612 1292 702 1369 potuit
724 1309 781 1349 non
799 1290 875 1350 furta
894 1281 1055 1370 Augustini,
1080 1312 1155 1374 qum
1186 1343 1190 1346 .

54 1397 122 1438 saue
141 1398 194 1438 nec
212 1381 273 1460 ipss
290 1381 462 1457 dissimulat,
486 1383 538 1442 scd
555 1384 656 1442 malam
674 1383 771 1444 fidem.
807 1385 890 1443 Hanc
907 1388 1098 1463 quaestionem
1117 1385 1155 1449 dc

11 1507 32 1537 .·
55 1473 172 1533 deorum
190 1474 355 1561 selectorpm
375 1475 605 1553 interpretatione
628 1478 687 1536 eius
711 1477 796 1556 culpa
819 1476 940 1561 despero
958 1465 1081 1539 unctum
1099 1480 1157 1541 lus·

56 1568 184 1626 luituram.
224 1568 369 1638 Quaedam
388 1587 423 1626 ex
441 1570 523 1627 tint
542 1587 624 1648 capp.
641 1571 678 1628 15
694 1581 725 1631 st
744 1575 780 1631 16
800 1571 904 1629 minuta
922 1590 1037 1649 prorsus
1053 1573 1154 1634 abieci.

10 1654 12 1675 ²
54 1659 180 1718 Primum
199 1660 235 1720 ad
252 1669 349 1741 portes
363 1662 460 1721 mundi
478 1680 526 1720 eos
545 1661 613 1721 deos
626 1663 716 1720 Varro
736 1663 842 1737 retulit,
862 1661 1001 1741 qui'lnter
1017 1662 1109 1724 sidera
1124 1673 1156 1725 et

55 1755 185 1812 caelestia
204 1773 321 1832 corpora
339 1755 463 1814 fueruat.
502 1756 547 1813 De
569 1757 718 1813 stoicorum
743 1774 777 1813 eo
801 1756 904 1834 placito
922 1775 1009 1834 supra
1026 1777 1055 1836 p.
1069 1775 1156 1819 oxus
1270 1836 1273 1842 1

54 1849 166 1908 nocuis
191 1849 380 1907 Tertullianus
406 1851 467 1908 libri
490 1849 603 1908 secundi
628 1849 664 1906 ad
689 1849 815 1908 nationes
841 1867 924 1928 capp.
945 1853 1032 1908 1-6
1056 1860 1155 1910 conus

55 1942 211 2001 Varronem
224 1943 394 2020 potissimum
407 1943 530 2021 disputat
548 1952 577 2001 et
596 1942 740 2020 aliquoties
759 1942 835 2000 locos
855 1944 913 2001 eius
932 1943 1046 2020 allegat,
1065 1943 1156 2003 iuuet*

54 2046 136 2110 tum,
155 2053 222 2093 num
241 2036 366 2111 exhor,
385 2054 421 2094 an
441 2055 475 2095 ex
492 2038 582 2116 primo
599 2037 687 2094 libro:
715 2035 790 2114 quod
808 2036 875 2111 quia
893 2051 946 2092 nec
964 2043 1083 2108 constat,
1102 2051 1156 2093 uec

55 2127 151 2206 magni
168 2128 300 2187 momenti
317 2129 394 2206 ipsae
410 2132 563 2189 sententiae
583 2136 658 2199 sunt,
677 2130 737 2188 sola
756 2128 825 2186 haec
844 2127 931 2184 uerba
949 2144 985 2184 ex
1004 2126 1098 2204 cap.5
1117 2126 1157 2187 ud

54 2233 152 2302 partes
170 2220 298 2278 nocenda
317 2221 401 2280 duris
429 2223 512 2296 [ἰάσο]
532 2223 596 2282 ticos
615 2221 686 2281 naut
706 2221 815 2289 Solon,
842 2221 889 2295 ptri
911 2217 966 2276 diei
983 2218 1016 2277 ds
1034 2238 1086 2280 suo
1104 2238 1156 2281 cte*

53 2315 149 2385 molet,
168 2313 264 2390 stupea
283 2314 417 2374 munaus
436 2336 466 2394 ,ρ
468 2358 542 2375 .......
544 2324 579 2386 ot,
599 2333 704 2375 nttnunr
722 2311 889 2372 stationibus
907 2319 1013 2371 amuel.-
1030 2316 1155 2385 Lunum,

53 2409 188 2468 solatium
206 2410 342 2480 noctium,
367 2412 550 2486 pouocinium
567 2426 691 2468 umorum
707 2405 908 2484 pannusculos.
948 2410 1020 2465 ltanr
1037 2405 1156 2482 (pun-

52 2501 187 2561 nuculum
200 2499 347 2559 nanuum?
364 2503 469 2560 Lucan.
485 2505 593 2577 l,412)
611 2501 713 2572 suern
733 2500 878 2576 eunomio
897 2498 1031 2581 quondum
1048 2507 1157 2578 lempn—

53 2593 177 2660 rurnud
194 2597 373 2654 mutationem
391 2593 606 2673 (rurationem‘l)
621 2593 818 2654 notandorum.
850 2595 949 2672 ltaque
969 2591 1156 2672 neque‘apnd

16 2718 22 2725 ·
54 2689 240 2766 Augustinum
259 2689 341 2763 7,'15
361 2688 474 2746 dubium
495 2690 556 2760 erit,
576 2690 642 2766 quin
662 2690 770 2763 Varro,
790 2706 957 2765 quamquam
975 2688 1035 2767 eius
1053 2703 1155 2745 nomeu

54 2800 114 2842 nou
140 2781 268 2859 ponitur,
293 2781 330 2838 de
353 2783 437 2840 stellis
456 2782 602 2855 Mercurii,
621 2781 736 2856 Martis,
755 2778 893 2857 Veneris,
912 2780 1026 2839 Saturni
1046 2777 1155 2852 dixerit,

54 2873 290 2954 quemadmodum
310 2893 335 2932 c.
351 2878 386 2932 16
405 2876 456 2934 Sol
475 2885 504 2934 et
517 2875 630 2952 Apollo,
650 2874 732 2932 Luna
745 2885 774 2933 et
785 2875 876 2932 Diana
895 2892 947 2952 pro
966 2871 1062 2930 iisdem
1080 2869 1156 2930 side·

54 2971 134 3028 ribus
158 2976 187 3026 et
211 2967 308 3026 stellae
326 2966 398 3025 louis
417 2979 446 3028 et
463 2969 577 3026 Iunonis
602 2977 864 3027 commemorantur.
902 2966 965 3024 Nec
983 2963 1068 3022 medo
1090 2963 1157 3021 satis

54 3061 233 3120 considerate
252 3062 433 3138 Augustinum
458 3062 510 3119 sub
534 3060 619 3120 finem
637 3081 665 3121 c.
681 3063 716 3119 15
742 3060 896 3119 Varronem
923 3074 1023 3134 urgere
1046 3054 1158 3130 Arione,

56 3155 159 3228 Tauri,
178 3155 279 3212 Cancri
297 3154 435 3233 exemplo,
458 3175 528 3233 qnos
547 3164 576 3214 et
595 3155 726 3214 conuenit
745 3172 763 3210 a
782 3154 910 3210 Varrone
929 3168 981 3227 pro
1001 3148 1058 3207 deis
1078 3147 1159 3206 halti-

54 3256 101 3306 tos
126 3264 187 3305 esse
211 3258 240 3306 et
262 3248 357 3306 testari
381 3247 492 3305 uidetur
511 3249 631 3307 Tertull.
652 3247 688 3306 ad
707 3254 765 3304 nat.
785 3249 815 3316 2,
837 3244 872 3301 15
891 3243 951 3301 init.
989 3242 1032 3300 ltn
1054 3241 1159 3300 scilicct

57 3338 178 3397 Ouidius
197 3350 309 3417 praeter
333 3342 424 3399 locum
448 3344 674 3419 suprapositum
694 3340 776 3397 etiam
797 3341 829 3412 ὃ,
842 3337 900 3399 460,
922 3335 1061 3395 Garanum
1079 3333 1159 3393 deoru

58 3432 170 3506 fumum
189 3433 266 3490 dixit.
299 3434 438 3492 Detractis
458 3453 525 3512 ergo
544 3434 581 3492 de
599 3433 697 3511 uiginti
715 3430 880 3489 selectorum
899 3447 1015 3487 numero
1034 3427 1074 3486 lois
1094 3436 1158 3487 octo

57 3525 117 3583 deis
136 3526 259 3596 sidereis,
277 3545 399 3604 namque
418 3527 511 3605 plures
532 3547 588 3586 non
606 3528 673 3584 licet
691 3525 788 3582 abesse
804 3522 982 3581 amarioribus
1000 3521 1159 3600 prouinel'u,

54 3609 233 3677 redeundum
256 3638 318 3679 esse
343 3631 412 3698 puto
438 3620 473 3678 ad
499 3621 594 3679 mundi
617 3618 830 3695 descriptionem
847 3615 1050 3674 Varroniautun
1066 3611 1159 3679 ,lint

58 3710 159 3789 fragm.
173 3715 204 3788 7,
225 3716 269 3771 cui
294 3714 444 3792 respondet
469 3715 539 3773 haec
565 3714 681 3772 deorum
705 3711 875 3788 reliquorum
900 3706 1042 3784 dispositio
1067 3702 1160 3769 uerbis

58 3804 220 3881 Augustini:
245 3812 335 3866 Ianus
360 3814 403 3865 cst
426 3807 546 3864 mundus
570 3806 751 3879 c.7,c.16=
780 3801 871 3861 soltmr
896 3799 1003 3859 coelunt
1024 3798 1159 3874 luppitn,

59 3914 84 3956 e.
101 3901 154 3969 16,
182 3882 257 3976 quod
277 3901 425 3977 oportebat
444 3900 541 3957 referri
561 3918 603 3957 cc.
618 3901 739 3971 9-12,
761 3912 852 3972 neque
877 3893 1017 3969 corrumpi
1041 3890 1071 3948 in
1095 3906 1159 3949 catu

60 3992 239 4067 sententiam,
259 4011 293 4050 ac
312 3996 334 4051 si
353 3995 442 4051 Varro
460 3992 556 4048 Iouem
575 4008 688 4068 quoqne
706 3988 839 4048 mundum
858 3987 965 4060 dixerit,
985 3983 1060 4062 quod
1079 4000 1159 4050 men·

60 4082 168 4142 dacium
182 4087 326 4163 Augustini
341 4096 426 4167 putor
448 4089 562 4144 Vestam
578 4100 681 4160 qunque
698 4085 792 4159 ipsunt
805 4086 949 4157 propterea
963 4077 1077 4136 domum
1093 4092 1159 4132 mn·

61 4180 166 4236 mnan
184 4185 361 4257 peramant,
380 4177 452 4258 quod
470 4182 534 4256 ipsu
552 4179 590 4259 sit
607 4181 692 4250 aas,
711 4193 736 4235 c.
749 4176 804 4233 tu:
824 4175 959 4233 utrumn
971 4185 1095 4230 summus
1108 4184 1159 4226 uu·

98 4289 144 4342 On.
158 4291 231 4340 Fasti.
244 4288 337 4350 Proleg.
619 4318 622 4325 ·
886 4264 912 4326 P
