2550 4574
478 294 480 299 ,
529 264 683 314 SPLBO'PIS
1053 272 1153 324 cml

55 420 102 480 uti
119 435 204 498 supra
222 417 379 479 iudicabam
397 436 427 498 p.
440 433 604 493 ccxxxrrr,
626 437 680 498 pro
698 411 846 499 Δήμητρι
865 418 1036 486 Graecoru-
1053 424 1158 493 baberi
1230 412 1236 423 ’

55 515 162 592 coepit,
182 513 264 571 ualde
281 522 324 572 est
339 513 494 572 obscurum.
524 512 635 572 Nomen
649 512 907 590 apartments
921 518 973 577 1.·t.
990 536 1009 578 a
1027 523 1152 598 gerendo

55 608 203 686 repetitur.
241 605 342 665 Nescio
367 623 404 663 an
430 605 507 684 quod
529 605 611 665 Paul.
629 606 709 664 Diac.
729 626 760 685 p.
776 611 878 682 122,t
896 609 980 669 tradit
1004 613 1034 671 iu
1058 617 1151 681 salias-l

56 700 181 759 carmine
200 717 291 759 ceruus
307 717 422 758 murum
438 699 605 776 significasse
623 707 771 760 mutorum
788 699 901 772 mouns,
925 702 980 760 lruc
998 709 1151 783 pertiueat't
1244 739 1246 742 v

61 793 145 853 (lires
161 802 191 854 et
205 795 338 871 procerus
355 791 410 850 dici
423 792 533 851 uidetur
548 803 582 881 ut
599 811 618 852 a
637 793 705 853 dlios
722 793 877 871 dorsid‘ucu,
896 797 961 857 alia.
991 798 1083 860 Plebis
1101 822 1152 864 ro-

56 898 159 945 manae
183 886 265 947 deam
289 885 374 957 inisse
399 885 505 949 idoneis
530 888 697 963 argumentis
715 886 809 946 docuit
828 889 996 952 Niebulrrius
1014 891 1044 953 ir.
1062 895 1100 955 R.
1116 904 1151 976 ⁴l,

57 983 171 1058 poem
197 981 271 1039 adde
291 980 478 1038 mutitationes
496 980 618 1055 plebeias
637 981 812 1056 Cerealibus,
837 984 913 1044 Geli.
933 987 1012 1060 18st
1031 997 1062 1046 et
1078 1006 1153 1068 quae

56 1092 144 1152 sopra
162 1073 199 1134 de
217 1076 298 1132 Anno
312 1072 440 1132 Perenna
458 1072 644 1134 disseruimus.
674 1075 902 1134 Coniunctiouem
920 1095 983 1135 curn
1001 1077 1104 1140 Libero
1122 1092 1153 1145 st
1236 1134 1240 1140 .

56 1165 161 1227 Libera
179 1168 341 1228 Clausenius
359 1187 389 1247 p.
405 1168 462 1225 275
482 1168 583 1246 repetit
608 1185 626 1227 a
649 1168 724 1226 cultu
743 1168 905 1246 Gergithio,
931 1188 984 1229 noc
1001 1180 1059 1246 est,
1083 1178 1152 1255 quin

57 1262 202 1320 assentiar.
239 1261 285 1320 De
301 1261 404 1319 Libera
428 1261 525 1339 ingens
551 1271 638 1320 restat
661 1260 804 1319 dubitatio.
844 1262 997 1330 Quaeritur
1018 1267 1151 1348 primum,

59 1365 152 1413 utrum
166 1355 267 1426 Varro,
285 1356 333 1433 qui
351 1363 422 1413 teste
440 1355 593 1432 Augustino
607 1357 669 1430 6,9
686 1354 815 1412 Liberam
832 1353 941 1421 feminis
959 1356 988 1416 id
1006 1372 1153 1437 praestare

57 1449 178 1527 scripsit,
198 1448 274 1527 quod
290 1448 421 1507 Liberum
439 1450 568 1516 maribus,
588 1449 755 1526 spectauerit
774 1455 897 1507 ueterem
915 1450 1076 1527 religionem
1094 1455 1154 1516 La·

56 1540 179 1600 tinorum
196 1545 343 1615 rusticam,
368 1559 405 1599 an
430 1542 533 1600 cultum
559 1539 667 1600 ciuilem
685 1542 832 1623 urbanum.
871 1540 936 1599 Nou
956 1543 1066 1622 beben,
1085 1548 1154 1628 quid

57 1632 194 1709 ludim,
213 1635 265 1693 nisi
283 1653 300 1694 e
319 1625 429 1712 Κόρας
447 1636 557 1693 nomine
575 1634 629 1692 Lib
724 1632 827 1692 factam
846 1652 908 1692 esse
928 1654 984 1695 non
1003 1641 1154 1716 probabili·

57 1737 105 1788 ter
121 1737 242 1788 statuero
261 1729 435 1806 Hartuognm
449 1735 479 1798 2,
498 1747 528 1806 p.
544 1731 609 1786 137.
648 1725 756 1785 Deinde
773 1729 942 1805 ignoramur,
962 1740 1054 1789 utrum
1068 1734 1154 1796 Libe-
1219 1785 1228 1798 ,

58 1840 110 1881 rae
125 1821 162 1882 de
174 1823 285 1882 Venere
298 1822 491 1899 interpretatio
506 1820 652 1898 desumpta
666 1821 701 1879 sit
714 1840 732 1878 a
747 1820 938 1881 coniunctione
951 1842 1015 1882 cnm
1030 1827 1154 1902 Baccho,

59 1916 106 1975 cui
125 1917 211 1975 Ceres
229 1915 370 1989 interfuit,
390 1924 420 1974 ct
437 1934 504 1973 num
524 1915 586 1973 ideo
605 1916 729 1993 legamus
747 1915 823 1993 apud
842 1917 957 1994 August.
976 1921 1007 1993 7,
1025 1922 1061 1976 ds
1083 1938 1155 1979 cort-

58 2011 118 2086 fert
141 2010 192 2072 lsoo
214 2009 286 2069 idom
304 2008 422 2083 Libarna
448 2026 517 2085 prce
539 2008 618 2067 Geras
641 2027 690 2067 sou
712 2014 804 2068 Vetus
829 2017 871 2069 cst
894 2009 1006 2083 furtiuis
1029 2020 1059 2069 et
1081 2030 1155 2091 quae

58 2104 98 2162 t'r.
111 2105 148 2161 lb
167 2112 288 2163 extremo
307 2102 439 2176 enotaui,
465 2118 503 2160 an
520 2102 585 2179 quia
603 2104 695 2160 Varro
713 2101 869 2160 decreuerit
888 2103 1017 2161 Liberam
1036 2107 1155 2168 eandem

60 2210 139 2271 esse,
161 2214 244 2274 quom
251 2267 255 2277 I
262 2197 401 2255 Venerem
420 2195 604 2253 Lubentiuam
623 2195 682 2253 sios
702 2193 866 2264 Libitinam,
884 2193 921 2253 de
939 2196 960 2253 l.
978 2196 998 2255 l.
1018 2200 1048 2273 6,
1067 2202 1106 2258 47
1124 2209 1156 2261 et

60 2289 138 2368 apud
155 2290 231 2348 Nou.
250 2309 281 2368 p.
291 2292 339 2361 64,
355 2293 401 2349 14.
441 2273 526 2348 Certe
551 2298 644 2346 autem
668 2289 734 2366 qnia
752 2288 843 2346 Varro
860 2288 990 2348 Liberam
1015 2290 1155 2352 diuersam
1199 2281 1202 2288 ¹

59 2402 79 2443 a
97 2384 264 2462 Proserpina
281 2384 441 2460 scripserat,
468 2401 550 2440 ausus
575 2391 618 2440 est
637 2380 753 2441 Ouidius
771 2385 800 2451 3,
816 2381 874 2439 512
893 2383 1041 2442 Ariadnam
1059 2384 1155 2447 farere

58 2476 200 2534 Liberam.
238 2475 387 2534 Libertina
405 2487 433 2535 et
451 2477 590 2535 Liburnus
616 2493 669 2554 par
692 2475 808 2533 deornm
832 2474 903 2549 iuit,
927 2477 1003 2555 quod
1028 2478 1167 2540 bifariamv
1231 2469 1233 2478 ¹

59 2569 263 2647 accipiebatnrr
291 2568 442 2629 brbidiuuru
460 2587 600 2649 nmerme
620 2568 727 2628 tutelis-
739 2577 858 2629 testatur
877 2571 1012 2629 Aroobins
1031 2574 1061 2648 t,
1081 2575 1100 2630 9
1124 2584 1155 2633 et

59 2661 235 2721 Libentinam
253 2662 392 2721 Venerem
411 2664 579 2722 existimasse
596 2663 698 2721 multos
716 2663 832 2739 Dionys.
850 2664 916 2722 Hal.
936 2666 1017 2739 4,1o
1038 2675 1067 2724 et
1085 2666 1154 2726 Plu·

60 2755 150 2816 rnen.
169 2755 254 2815 Num.
274 2761 311 2818 12
330 2757 451 2816 tradunt.
489 2757 573 2835 Atqui
597 2755 717 2815 Libitina
742 2776 799 2834 quo
824 2758 884 2815 iure
908 2759 943 2815 ab
969 2757 1067 2816 eodem
1085 2758 1154 2817 Plu·

60 2848 157 2907 tarclro
181 2868 244 2907 curn
263 2843 447 2930 Περσεφόνῃ
473 2842 666 2928 comparetur,
694 2860 790 2908 notum
813 2859 869 2920 est,
894 2858 923 2909 et
947 2850 1044 2910 eodem
1070 2852 1155 2912 modo

59 2941 201 3001 Liburnus
230 2941 267 3002 ad
294 2961 409 3020 reguum
439 2943 576 3001 infernum
602 2945 766 3020 pertinuisse
794 2944 905 3003 uidetur
931 2944 1081 3003 secuudum
1107 2963 1154 3019 ea,

59 3055 133 3114 quae
153 3034 317 3096 Clausenius
336 3054 400 3095 ann.
422 3039 498 3094 1384
520 3055 556 3096 ex
574 3036 662 3095 Suida
684 3046 714 3096 et
731 3037 828 3096 Dionis
847 3039 926 3098 Cass.
945 3039 1082 3115 excerptis
1099 3055 1156 3115 ap-

60 3131 162 3208 posuit.
201 3131 377 3207 Quamquam
400 3131 484 3206 igitur
509 3149 589 3189 nemo
608 3148 746 3207 unquam,
771 3129 846 3207 quod
870 3130 1004 3203 sciamus,
1024 3129 1154 3188 Liberam

59 3241 113 3301 pro
126 3223 257 3293 Libitina,
276 3233 325 3280 aut
341 3223 489 3281 Libitinam
505 3243 558 3302 pro
573 3223 749 3300 Proserpina,
769 3233 829 3296 aut,
847 3241 910 3280 cnm
929 3222 965 3280 ds
983 3222 1077 3297 sarus,
1096 3241 1153 3281 non

59 3316 96 3375 de
115 3317 231 3375 Graecis
249 3316 362 3391 sabulis,
382 3327 414 3374 ut
432 3315 508 3395 apud
527 3303 689 3374 Ciceronem
703 3317 785 3374 Verr.
798 3316 830 3390 t,
842 3319 892 3391 ts,
913 3324 1051 3393 ageretur,
1070 3314 1155 3374 Libe·

61 3427 119 3467 ram
139 3428 193 3488 pro
212 3410 378 3486 Proserpina
397 3411 559 3487 usurpauits
582 3417 674 3468 tamen
697 3407 750 3467 dea
772 3407 880 3466 inferna
899 3428 950 3468 nec
968 3408 1084 3467 fortasse
1103 3408 1154 3467 nisi
1229 3422 1232 3427 ’

60 3519 126 3559 casn
144 3501 248 3560 Libero
267 3502 369 3579 agresti
391 3503 560 3580 cognominis
578 3502 670 3580 potuit
693 3519 756 3559 cnm
775 3500 879 3560 Cerere
897 3503 1035 3580 coniungi.
1073 3501 1155 3560 scilta

10 3642 15 3659 -.
60 3605 106 3654 cet
126 3596 227 3656 eodem
245 3595 329 3655 modo
348 3605 483 3655 mutatam
502 3595 646 3654 Tellurem
664 3594 824 3673 suspicabar
847 3604 876 3653 ct
901 3597 1066 3653 contrariam
1086 3613 1155 3653 con-

60 3688 218 3746 uersionem
241 3707 324 3767 passa
349 3699 393 3747 est
410 3689 592 3767 Proserpina,
615 3705 718 3746 numen
741 3687 1009 3766 indigitamentorum
1034 3696 1154 3765 agreste,

60 3779 119 3844 uid.
139 3800 225 3859 supra
243 3799 468 3860 permen,
489 3781 540 3840 sed
558 3778 707 3860 postmodo
723 3781 782 3840 Diti
805 3780 879 3859 patri
896 3779 1009 3860 adiungi
1031 3781 1153 3856 solitum,

58 3874 179 3933 maxime
200 3876 229 3932 irr
248 3877 360 3934 Tauriis
384 3875 472 3950 ludis,
498 3875 597 3953 quibus
619 3888 676 3952 quo
701 3881 815 3934 auctore
834 3873 965 3934 liberunt
988 3874 1154 3954 placandam

57 3966 147 4026 fuisse
163 3968 302 4046 scripserit
317 3970 478 4028 Clausenius
497 3988 528 4047 p.
538 3968 605 4041 264,
624 3984 680 4024 nou
699 3960 822 4027 inuenio.
850 3965 1044 4046 Proserpinam
1064 3968 1155 4027 Varro
1186 3986 1188 3993 ¹

11 4133 15 4138 Ι
57 4058 144 4118 modo
164 4069 257 4118 terrae
275 4063 483 4132 secunditatem,
502 4060 628 4140 quodex
645 4077 680 4118 ea
698 4069 896 4138 proserperent
913 4059 1018 4138 fruges,
1037 4063 1153 4138 August.

55 4157 86 4226 7,
100 4158 150 4225 23,
163 4155 214 4229 24,
233 4155 317 4226 modo
336 4165 444 4236 partem
462 4159 555 4215 terrae
571 4151 729 4215 inferiorern
747 4153 863 4223 dixerat,
883 4151 921 4212 id.
938 4155 968 4226 7,
981 4160 1028 4216 23.
1058 4151 1155 4213 Ludo·

96 4263 144 4318 0u,
158 4265 231 4335 Pasti.
243 4265 335 4327 Proleg.
889 4245 921 4318 Q
