2550 4574
144 222 211 280 con
611 224 656 272 1111
676 224 751 273 DEI!

82 439 85 449 .
143 385 272 451 16666666
290 373 462 456 potissimum
480 375 535 434 ritu
554 394 607 454 pro
625 331 804 439 bellatoribus
821 374 930 436 Romae
947 372 1117 450 colerentur,
1134 374 1242 439 iactum

9 502 13 511 κ
143 479 188 529 661
205 468 282 544 1666,
299 468 375 547 quod
392 469 422 528 iu
439 487 535 549 pugna
547 469 727 529 Locrensium
740 468 874 528 66666666
883 470 1060 529 Crotoniatas
1074 468 1111 528 ad
1122 469 1243 548 Sagram

31 606 35 613 .
143 562 228 641 penio
246 571 311 620 ante
329 579 409 639 reges
427 560 519 622 Roma
536 559 666 642 66661666
684 561 966 623 Lacedaemoniorum
985 561 1031 621 dei
1049 561 1152 621 fortem
1171 582 1242 643 666·

143 674 203 715 ram
222 654 428 733 praestiterunt,
448 672 538 733 eaque
556 656 626 716 tides
644 674 696 735 per
714 655 811 715 italiae
829 655 964 714 inferioris
982 656 1054 731 1666,
1072 656 1100 715 16
1120 675 1243 734 quorum

89 793 91 797 «
141 747 306 827 6661116666
323 749 500 809 Ciamenium
519 747 646 808 desidero
664 748 759 807 Seruii
778 749 966 807 testimoninm
985 748 1022 807 de
1040 752 1134 809 inritis
1149 752 1243 825 Amu-

142 841 194 903 6116
210 841 248 901 ad
265 843 335 902 Aen.
355 846 404 918 10,
423 843 492 916 664,
519 841 620 900 tradita
648 839 785 899 decimum
804 851 991 919 6661666666
1010 843 1038 899 in
1057 843 1156 902 animia
1177 844 1242 903 Ro-

93 1006 99 1019 *
133 952 286 995 'menonmr
304 933 371 995 dum
389 934 427 995 66
450 935 541 993 lacum
559 934 699 1012 Regillum
717 944 870 1012 pugnatur,
889 934 1110 1011 praesentissime
1128 938 1240 999 reuixit.

142 1029 242 1089 Cultus
266 1029 429 1088 contitutus
456 1037 500 1087 661
526 1026 562 1086 66
590 1028 632 1085 661
655 1037 749 1104 gestau
774 1028 946 1106 exemplum:
977 1046 1081 1105 pompe
1103 1026 1240 1108 equestris

141 1123 207 1201 quia
228 1111 391 1200 ἡγούμενοι
416 1122 472 1198 τῆς
488 1109 658 1198 Ῥωμαὶὶιῆς
680 1114 779 1179 inuno
806 1121 857 1179 uisi
880 1121 992 1180 fuerant
1016 1121 1079 1196 dei,
1106 1123 1167 1202 ipro
1192 1124 1239 1185 die

140 1233 266 1296 pugnae,
292 1213 546 1292 61666161166116
570 1223 636 1273 ante
662 1225 771 1291 portam
792 1215 951 1294 Capenam,
975 1224 1124 1292 postquam
1144 1215 1177 1275 id
1200 1218 1240 1275 ibi

140 1307 212 1384 suit,
230 1318 305 1367 tecta
323 1308 386 1382 uia,
404 1317 436 1367 ut
453 1317 533 1387 puto.
571 1305 698 1365 Eandem
719 1306 835 1365 deorum
854 1306 1075 1365 informationem
1095 1307 1143 1365 diu
1161 1308 1239 1369 16666-

139 1399 213 1461 61666
232 1400 328 1460 animis
346 1398 485 1459 hominum
504 1399 587 1458 docet
606 1398 802 1478 redintegratio
816 1399 941 1459 miraculi
962 1400 1034 1459 bello
1045 1398 1237 1475 Macedonico,

139 1493 199 1553 616.
217 1503 302 1563 testes
319 1493 395 1572 apud
411 1493 589 1577 Ciamenium
606 1511 673 1552 666.
690 1496 776 1568 1216,
795 1510 877 1572 qoem
897 1492 1000 1554 nollem
1010 1493 1237 1555 Valeriidiaximi

139 1587 231 1645 locum
252 1591 282 1660 1,
299 1588 331 1661 3,
351 1591 367 1644 1
386 1586 523 1645 Lactantii
541 1586 669 1665 exemplo
687 1593 719 1663 2,
736 1591 756 1646 3
780 1588 870 1645 minus
892 1595 971 1645 recte
988 1587 1143 1665 accepiruer
1170 1607 1237 1647 nam

84 1718 87 1722 -
139 1690 216 1739 certe
239 1678 337 1739 aedem
363 1680 486 1758 66161666
511 1699 565 1758 pro
586 1691 752 1759 argumento
777 1681 890 1759 ponitur
917 1676 1001 1737 etiam
1022 1677 1135 1741 Persico
1162 1681 1237 1741 bello

23 1758 24 1762 ¹
138 1772 279 1852 proiectos
297 1790 333 1830 eu
350 1789 385 1831 ea
403 1771 441 1832 66
456 1773 646 1833 armandum
671 1772 749 1834 6666.
785 1770 956 1832 Eorundem
976 1770 1078 1830 ordinis
1099 1774 1236 1851 equestris

138 1865 254 1925 tutelam
272 1875 322 1924 aut
342 1862 379 1922 ad
398 1863 516 1941 Augusti
541 1873 667 1944 tempora
692 1865 806 1925 durasse
826 1866 974 1942 Dionysius
993 1867 1022 1937 6,
1044 1869 1080 1923 13
1104 1875 1234 1942 16616166,

138 1975 306 2038 quamquam
331 1949 530 2037 npurrdpeou
548 1948 670 2034 i'prudov
694 1959 775 2034 dicit,
799 1970 848 2018 aut
871 1959 907 2017 ab
924 1958 1049 2035 Augusto
1073 1970 1234 2019 reuocatam

137 2069 200 2111 6666
218 2070 291 2111 anno
310 2051 346 2111 V.
360 2052 397 2130 6.
410 2053 469 2110 760
487 2054 613 2111 restituto
631 2070 705 2111 6666
719 2053 776 2111 769
796 2053 900 2130 templo
918 2051 1040 2111 indicare
1058 2050 1169 2111 6166166
1178 2052 1233 2111 Dio

137 2143 249 2205 (1666166
266 2144 317 2220 66,
335 2148 390 2221 27,
402 2149 456 2205 316
482 2154 550 2204 tuuc
568 2147 641 2207 enim
661 2147 779 2224 primum
798 2145 1009 2205 transuectionis
1026 2147 1162 2220 (666666,
1182 2149 1233 2222 63,

138 2238 192 2315 13)
211 2239 377 2297 mentionem
391 2235 467 2299 feeit.
498 2238 606 2299 Fabula
618 2237 757 2299 06161666
772 2240 803 2314 6,
818 2240 983 2297 oea—720
1000 2257 1056 2307 non
1075 2236 1157 2309 66166
1173 2237 1232 2298 1666

136 2331 273 2407 66666616
301 2342 414 2390 notetur
441 2341 534 2392 tamen
557 2333 585 2391 16
609 2332 764 2391 certaminis
778 2349 875 2390 -causa
901 2333 963 2391 eam
991 2330 1139 2393 6666666166
1164 2350 1230 2393 cum

40 2415 41 2418 ’
137 2421 281 2481 Theocriti
298 2423 337 2483 16.
351 2429 389 2482 22
408 2434 438 2485 61
449 2425 579 2504 Ρ666661.
600 2431 629 2501 1,
645 2427 726 2502 2,16
745 2424 967 2483 dissentientibus
979 2422 1099 2482 Pindaro
1111 2423 1230 2482 etPau-

136 2516 224 2590 sauia,
242 2517 270 2574 in
288 2518 351 2576 loco
370 2537 433 2577 cum
444 2520 566 2577 Homero
586 2520 618 2579 11.
630 2525 660 2594 3,
673 2520 741 2594 346,
760 2518 877 2576 sortasse
890 2515 1010 2575 Pindaro
1023 2515 1106 2575 Nem.
1121 2520 1168 2588 10,
1179 2520 1229 2593 61,

134 2604 270 2683 Patrocle
282 2608 407 2685 Thurin,
427 2610 492 2669 uide
508 2628 593 2688 supra
613 2630 644 2690 p.
654 2627 757 2682 xcrrr,
776 2608 961 2687 Lycophrone
980 2609 1077 2669 6669
1094 2617 1123 2669 61
1140 2611 1229 2688 16661-

135 2700 187 2759 mis
205 2699 349 2779 Stephano
367 2703 438 2780 Byr.
457 2722 488 2781 6.
498 2705 548 2774 97,
566 2705 585 2761 9
604 2702 688 2762 11166.
709 2702 885 2761 dissentiente
903 2702 1074 2780 potissimum
1091 2703 1229 2764 Pomaria

17 2798 20 2803 '
134 2797 168 2868 3,
187 2798 236 2870 13,
257 2800 290 2871 1,
309 2797 337 2854 16
357 2813 469 2875 pugnae
485 2786 583 2855 666166
601 2796 700 2857 1661166
716 2796 752 2853 ab
772 2795 898 2853 omnibus
918 2794 1034 2854 discedit
1053 2795 1228 2874 0616166,16

133 2889 176 2947 rei
193 2887 250 2947 iine
268 2891 394 2967 congruit
413 2889 535 2948 Pindaro
553 2890 681 2960 maxime,
701 2889 788 2947 uerba
807 2896 947 2946 mutuatus
963 2888 1080 2964 Virgilii.

207 2982 338 3042 Maiam
357 3001 375 3043 a
393 2984 523 3043 Varrone
542 2984 592 3058 ita,
612 2984 651 3041 uti
669 2983 705 3041 ab
720 2979 821 3041 Ouidio
837 2982 870 3059 6,
889 2982 927 3041 66
945 3001 1000 3061 pro
1017 2981 1072 3041 666
1090 2984 1229 3043 communi

131 3072 254 3135 habitam
274 3075 361 3137 uideri
379 3094 465 3156 supra
483 3076 591 3136 ostendi
609 3094 639 3153 p.
656 3091 808 3135 cmxxxu.

207 3169 252 3230 De
270 3171 295 3228 F
300 3189 389 3231 6666
408 3189 522 3231 6666666
538 3181 581 3229 est
595 3168 686 3227 medio
706 3169 778 3227 inter
792 3168 860 3226 deos
872 3185 1032 3237 communes
1051 3177 1081 3229 et
1096 3169 1228 3249 proprios

130 3261 194 3347 1666
211 3265 310 3326 ditem.
348 3270 374 3325 Δ
392 3267 520 3325 Varrone
538 3263 661 3321 habitum
685 3281 746 3320 esse
770 3281 822 3340 pro
845 3261 899 3320 deo
919 3263 1034 3340 proprio
1053 3264 1228 3339 cognoscitur

128 3373 148 3416 6
164 3357 293 3435 fruguum.
312 3365 329 3416 1
349 3369 378 3418 61
397 3363 454 3433 13,
468 3359 628 3437 quibuscum
648 3355 774 3414 conform
792 3356 920 3414 Lactant.
943 3361 972 3430 1,
990 3360 1043 3429 22,
1063 3357 1179 3432 August.
1199 3374 1224 3415 c.

128 3447 159 3511 6.
178 3452 288 3525 16,16.
326 3451 445 3510 Ouidius
461 3456 491 3522 2,
507 3453 575 3525 266,
594 3452 652 3508 266
671 3447 799 3527 lupercos
816 3449 906 3506 Fauni
923 3447 1096 3522 6666666166,
1115 3468 1144 3507 u.
1155 3450 1224 3522 269,

127 3544 187 3601 279
205 3545 332 3603 Faunum
351 3545 446 3620 Ρ666,
471 3563 501 3605 6.
515 3546 573 3601 304
592 3544 719 3602 Faunum
738 3543 768 3600 in
786 3540 895 3619 Lydia,
922 3561 950 3601 u.
967 3542 1024 3623 369
1044 3540 1225 3618 6666166666,

127 3655 157 3694 6.
169 3640 226 3695 422
241 3642 392 3712 mosum,
412 3641 442 3713 4,
453 3637 511 3695 660
526 3636 703 3696 Maenalium
717 3634 805 3705 66166,
825 3655 855 3694 6.
867 3637 923 3695 663
942 3634 1009 3714 pede
1027 3635 1106 3705 duro,
1126 3635 1154 3704 6,
1167 3637 1223 3693 101

126 3734 309 3808 morannum
326 3738 480 3808 66666661.
514 3729 633 3788 Nonnisi
651 3734 681 3805 3,
700 3732 756 3791 291
776 3747 820 3807 sq.
845 3728 928 3788 66666
947 3729 1093 3807 proprium
1112 3727 1226 3785 uidetur

126 3843 289 3903 agnoscere,
308 3842 474 3905 quamquam
493 3840 530 3881 ne
548 3823 603 3880 11116
617 3822 730 3900 quidem
744 3823 803 3883 Pici
819 3821 906 3881 filium
924 3823 1023 3882 secisse
1036 3822 1161 3881 dixerim.
1191 3819 1224 3879 16

125 3918 205 3978 Ibide
223 3927 252 3978 et
270 3916 538 3996 metamorphosibue
555 3917 643 3975 maior
665 3917 748 3975 etiam
767 3924 810 3974 est
828 3916 1021 3978 inconstantia.
1060 3915 1171 3977 Scilicet
1191 3913 1226 3971 ii-

125 4014 184 4073 lum
200 4016 230 4073 in
248 4014 361 4072 modurn
375 4010 545 4089 6666661161
563 4010 749 4088 6666166661.
787 4008 903 4069 8666166
921 4010 960 4071 66
977 4028 1023 4088 gc.
1039 4013 1133 4084 1,106
1155 4008 1225 4077 6166,-

128 4109 188 4168 oius
204 4114 232 4169 ct
253 4108 468 4169 6666666161
490 4103 527 4167 oi
544 4103 680 4167 Euandro
697 4107 826 4166 1166666
844 4103 924 4165 daim
941 4102 1122 4184 6666161666.
1159 4101 1225 4161 1166
