2550 4574
450 279 526 324 nin.
550 279 708 325 SEXTVS

94 440 134 514 te,
155 429 247 495 deant
266 428 343 495 laeti
362 429 490 494 Fortem
511 429 677 514 eelebrate,
701 428 859 509 Quirites}

117 538 152 599 ln
166 534 296 596 'Tiberis
315 533 382 615 ripa
401 532 636 618 munera'regis
655 534 759 597 habet.
877 588 879 592 ,

95 642 154 703 'ars
175 636 268 721 pede,
288 653 360 717 pars
380 638 475 700 etiarn
496 637 591 699 celeri
611 634 764 700 decurrite
784 637 908 720 cymba,

118 741 190 804 Nee
211 739 329 822 pudeat
348 723 445 820 putus
461 737 534 801 inde
555 739 654 803 redire
675 739 831 803 domum..
1062 748 1123 803 77ο
1245 770 1247 775 ·

96 843 170 909 'eno
190 849 362 906 coronatae
378 841 524 905 iuuenum
545 842 689 906 conuiuia
709 842 826 923 lintres,

117 946 279 1027 Multaque
299 964 355 1026 per
375 940 495 1007 medias
515 943 589 1007 uina
609 945 750 1007 bibantur
769 961 878 1026 aquas.

96 1046 170 1109 'lebs
191 1042 265 1110 nolit
284 1047 367 1109 hane
385 1045 457 1128 quia
477 1043 531 1128 qui
550 1048 664 1128 posuit,
684 1047 725 1110 de
745 1048 837 1129 plebe
857 1045 956 1111 fuisse

117 1149 230 1212 Fertur
252 1158 286 1212 et
308 1168 348 1210 ex
368 1147 475 1212 humili
493 1161 622 1232 sceptra
639 1149 752 1212 tulisse
771 1150 852 1211 loeo.

96 1252 232 1315 iunuenit
254 1251 418 1332 substernis,
439 1270 532 1315 serua
546 1253 627 1334 'quia
648 1236 769 1313 Tullius
789 1261 875 1314 ortus
1061 1255 1123 1326 775

117 1354 291 1418 Constituit
310 1352 423 1416 dubiae
442 1355 566 1437 templa·
578 1352 859 1436 propinquudeae.
982 1360 985 1365 '

96 1457 163 1520 inne
184 1455 361 1519 suburbana
380 1455 505 1519 rediens
525 1458 608 1520 niale
628 1457 758 1520 sobrius.
771 1456 851 1519 aede

115 1557 167 1621 Ad
188 1559 298 1622 stellas
318 1558 430 1640 aliquis
449 1558 524 1621 talia
543 1560 641 1623 uerba
654 1561 748 1624 inuit:

96 1661 166 1725 iuna
186 1661 263 1725 latet
276 1668 450 1738 tna-nune,
473 1669 508 1724 et
527 1679 599 1723 eras
618 1661 889 1742 numeraberis,

117 1762 238 1826 Dehine
259 1761 327 1845 erit,
348 1760 452 1843 Orion,
473 1761 655 1845 aspicienda
675 1764 757 1827 milri.
897 1838 900 1843 ,
1065 1771 1127 1827 780
1226 1758 1229 1765 ’

96 1874 120 1929 rt
140 1867 169 1928 si
188 1884 250 1928 non
271 1868 361 1929 'esset
380 1864 645 1947 putus‚1dixisset
666 1866 777 1931 eadem

116 1968 291 2032 Venturum
310 1978 434 2051 tempus
455 1967 621 2033 solstitiale
641 1966 701 2032 die.
794 1984 797 1989 ·

97 2171 220 2236 uuifero
241 2172 397 2235 subeunte
417 2173 519 2237 iraroe
539 2172 667 2237 delubra
684 2122 833 2233 tulerunt¹

114 2274 187 2354 Hie,
207 2274 261 2337 nbi
281 2273 319 2338 fit
337 2275 432 2339 docta
452 2277 550 2339 multa
571 2293 686 2340 narona
705 2291 808 2335 manu.

171 2477 237 2533 763.
257 2474 346 2532 tacitis
364 2491 468 2533 senesc.
484 2473 524 2534 Φ.
600 2478 668 2537 764.
688 2466 874 2550 Effugient'D
884 2473 956 2533 GN.
974 2492 1043 2537 ,non
1062 2466 1128 2532 r'eti·

97 2568 118 2611 e
134 2554 167 2610 N
179 2552 243 2611 dura.
269 2570 323 2609 non
344 2562 495 2610 reuocante
513 2561 578 2612 trra
655 2553 721 2610 765.
742 2550 781 2608 Et
799 2551 853 2606 aito
868 2546 909 2607 Φ.
985 2553 1052 2608 766.
1072 2549 1128 2607 Per

97 2627 200 2705 :an
230 2647 318 2686 mens.
332 2626 449 2687 iuliuss.
478 2631 536 2687 iun.
553 2637 650 2687 auctus
667 2627 819 2703 bumana
897 2630 963 2688 767.
984 2627 1051 2685 laeti
1068 2626 1127 2683 sor·

97 2707 192 2764 DGP
209 2710 335 2782 quinque.
411 2709 478 2762 768.
498 2707 529 2763 in
550 2706 663 2781 tybridis
682 2724 707 2763 r.
739 2705 801 2781 ripa
820 2704 932 2761 numina
949 2721 1107 2779 puursur.

97 2782 137 2839 88.
157 2782 231 2873 pede
249 2800 314 2860 pars
334 2781 415 2838 etism
435 2784 466 2839 in
478 2801 537 2841 rus.
553 2801 590 2839 m.
623 2784 674 2840 cei.
693 2781 836 2839 discurrite
854 2787 920 2838 tres.
946 2780 1007 2870 dee.
1027 2781 1089 2857 ripa
1101 2783 1129 2838 E
1171 2831 1173 2837 ,

98 2859 406 3013 ffbffimnres
419 2861 486 2992 7770
506 2854 1128 2995 Ντθτὲῗᾶιὶῑῖἒιαὺεέἷυιιίῗῗῦῗῃῗῖὴῖἱιιῖῗῃῖἶ

98 3015 210 3069 υῐυτΤ.
287 3014 353 3070 778.
373 3011 709 3070 salamantinensem.
738 3011 890 3086 quinquae
906 3013 941 3066 Τ.
970 3009 1035 3084 quia
1051 3004 1129 3084 quod

98 3086 136 3165 lui
156 3087 241 3145 euiuit
259 3092 349 3146 Emu.
357 3090 448 3145 seaF
454 3084 552 3146 Hmu.
560 3106 612 3145 eeu.
623 3106 647 3145 s.
724 3091 792 3147 774.
819 3105 854 3142 ex
871 3085 944 3143 sacili
963 3083 988 3143 b.
1026 3104 1064 3142 sc.
1085 3094 1128 3142 te·

98 3166 169 3220 er
182 3170 247 3221 tres.
277 3183 316 3223 sc.
335 3162 420 3220 fnisse
439 3160 471 3221 d>
485 3163 569 3222 adius.
646 3168 714 3222 776.
734 3162 864 3221 Costituit
877 3166 911 3220 Ε.
989 3166 1056 3220 777.
1076 3162 1146 3221 sub.

98 3256 139 3295 rna
160 3241 196 3297 G.
221 3240 384 3298 suburbane
404 3241 518 3298 ueniens
538 3241 610 3297 male
628 3236 665 3297 Σ.
693 3241 807 3298 suburb.
828 3239 951 3296 residens
972 3240 1043 3296 maie
1057 3235 1096 3297 A
1102 3232 1131 3295 P

99 3320 168 3387 κως
213 3334 338 3375 uersor.
414 3321 483 3376 778.
509 3317 616 3394 aliquas
636 3335 659 3373 e.
689 3317 727 3374 al.
747 3317 823 3374 ebria
843 3333 924 3373 uirus.
956 3317 1041 3372 uerba
1061 3314 1129 3373 facit

99 3406 149 3460 »ως
212 3410 338 3450 uuum.
369 3395 455 3449 uerba
474 3393 551 3450 dabit
574 3390 741 3452 eruamur.
818 3394 886 3451 779.
906 3393 987 3448 Dona
1007 3394 1049 3464 (iu
1069 3391 1128 3450 uiiu

99 3467 289 3526 &tentamine
304 3468 400 3545 Dapa)
424 3466 580 3537 Genesar.
656 3473 725 3527 780.
743 3468 853 3526 Deinde
873 3470 925 3525 erit
943 3474 1024 3525 arnus.
1054 3468 1127 3527 Deir.

99 3545 182 3601 uerit
195 3540 275 3601 ΠΤ.
306 3563 347 3602 ur.
368 3545 562 3623 conspicienda
584 3542 618 3604 Ψ
627 3550 758 3622 quiuqu03
776 3563 930 3621 purumne.
960 3544 1042 3600 michi
1057 3548 1128 3605 DE.

99 3620 138 3677 il.
157 3620 237 3678 Etsi
255 3639 284 3697 9.
317 3632 390 3678 esset
409 3621 504 3698 pulsus
525 3617 1128 3696 neussewAMPt'AEtfymn

99 3694 323 3773 dsepteudeuim
342 3699 375 3754 N
384 3715 447 3755 aar.
462 3717 516 3756 ser.
552 3709 624 3756 esset
644 3701 744 3756 stultus
763 3702 796 3756 N
801 3702 866 3755 880
878 3705 946 3770 ires5
968 3693 1126 3756 wesen.

116 3772 295 3850 Quudmnepi
309 3776 526 3834 EGtunmru.
557 3775 655 3832 eodem
669 3774 718 3846 ὗες
737 3793 886 3852 perun-ser.
963 3778 1030 3833 782.
1051 3773 1127 3830 Ven-

99 3865 124 3905 tn
142 3850 173 3906 in
185 3867 243 3908 rus.
254 3869 297 3907 m.
323 3849 406 3908 Vent.
427 3852 506 3908 nobis
524 3869 550 3909 s.
578 3852 729 3909 solsticiale
743 3853 849 3909 DEG.
880 3851 1026 3910 solstitiose
1044 3847 1126 3906 bmu.

150 3929 219 3984 783.
243 3924 335 3983 Lusis.
357 3927 484 3984 ueniente
503 3926 529 3986 b.
569 3929 705 3985 subeunte
724 3927 769 3986 die
787 3928 842 3987 del.
863 3947 888 3986 s.
970 3928 1038 3985 784.
1064 3924 1127 3980 Hos

99 4017 195 4094 naar.
233 4000 293 4060 Hec
312 4000 338 4062 b.
370 4003 418 4060 ubi
435 4004 471 4062 sit
489 3998 514 4077 f.
552 4005 686 4062 multata
704 4022 764 4064 ens.
782 4023 811 4080 9.
848 4004 941 4065 dines.
953 4006 994 4060 E:
1014 3999 1076 4076 Hic]
1096 4001 1123 4056 in

98 4095 134 4137 as.
