2550 4574
127 295 278 345 ccxxrrn
333 262 336 269 ’
520 323 523 332 .
604 276 743 340 nunnus
855 342 864 349 ,

128 451 160 526 6,
170 451 220 510 72.
264 443 370 507 Artium
392 441 622 522 auspicandarum
641 465 701 505 mos
720 444 786 508 Kal.
806 444 878 522 lau,
902 442 960 504 On.
980 424 1010 504 n.
1027 445 1095 521 169,
1123 444 1240 506 uidetur

129 551 258 622 spectare
276 538 313 598 ad
330 540 428 598 Ianum
447 529 561 618 ἔφορον
576 531 680 616 πάσης
694 533 842 615 πράξεως,
862 557 946 617 quem
959 539 1050 599 Varro
1070 548 1120 599 aut
1137 540 1240 618 Lydus

129 634 291 708 inidixit,
312 633 445 709 ligurium
460 649 542 709 quem
562 632 622 709 siue
640 632 727 690 dubio
745 633 872 710 intelligit
883 632 988 690 Paulus
1005 651 1036 710 p.
1049 638 1096 709 10,
1109 635 1138 692 6.
1172 634 1239 692 Hac

130 730 159 787 in
178 725 390 787 confortasse
409 725 512 784 sufficit
531 723 640 782 initialis
658 725 718 785 iani
736 735 877 805 potestas,
903 724 960 784 nid.
981 725 1079 783 Horat.
1098 742 1183 784 serm.
1203 732 1238 803 2,

131 822 160 894 6,
173 825 224 898 20,
244 828 275 879 ut
293 836 356 877 cum
375 839 428 899 pro
448 817 593 877 duodecim
614 821 752 878 mensibus
771 819 1002 878 duodecimarae
1022 818 1048 877 ei
1068 836 1239 878 consecran-

8 950 16 971 t
131 923 194 992 tur,
222 913 279 973 nid.
299 907 379 972 libb
399 912 480 987 scal,
505 928 561 969 non
587 920 664 971 recte
687 912 717 970 id
742 912 921 970 ahiacrobio
942 912 1042 971 referri
1067 912 1180 970 uidetur
1198 913 1240 972 ad

132 1011 247 1069 Iuncuii
265 1024 435 1086 cognomen:
461 1013 578 1084 propter
603 1007 670 1064 anni
693 1005 801 1065 dierum
827 1024 974 1065 numerum
998 1007 1027 1064 in
1051 1005 1199 1065 simulacro
1221 1028 1241 1066 a

134 1102 229 1162 Numa
247 1113 408 1180 expressum
425 1097 547 1158 aPliuio
567 1108 625 1162 nat.
641 1099 704 1159 hist.
720 1102 820 1175 34,16
839 1102 970 1178 temporis
990 1096 1019 1160 ¹et
1037 1101 1100 1158 aeui
1118 1099 1200 1176 deus,
1221 1119 1242 1159 n

82 1229 102 1273 3
132 1196 266 1256 Fronteio
283 1190 359 1273 a'pud
375 1192 484 1269 Lydum
503 1183 618 1271 ἔφορος
633 1192 688 1253 τοῦ
703 1185 819 1261 παντὸς
830 1185 947 1269 χρόνον
962 1200 1150 1272 nuncupaturi
1168 1195 1241 1252 sub·

135 1298 179 1348 est
195 1288 390 1368 perpetuitatis
408 1287 495 1345 notio.
535 1286 579 1345 Ex
599 1298 716 1367 unaque
734 1290 789 1346 iam
809 1288 916 1366 pridem
935 1288 1064 1367 populari
1087 1286 1242 1347 dei'inter·

137 1383 297 1461 pretatiune
312 1389 378 1439 nata
396 1390 439 1439 est
450 1368 595 1439 doctorum
614 1383 761 1461 explicatio
774 1381 811 1440 de
830 1383 945 1458 mundo,
965 1382 1014 1460 qni
1031 1388 1163 1439 aeternus
1182 1391 1240 1456 est,

136 1475 191 1536 clr.
206 1476 308 1551 Varro,
330 1476 486 1552 Aug.'l,'l,
507 1484 538 1533 et
555 1475 675 1533 Messala
694 1473 771 1552 apud
789 1473 926 1551 Macrob,
945 1475 1009 1534 hinc
1028 1473 1129 1533 deinde
1142 1472 1241 1534 Ouidii

133 1560 343 1647 figmentumn.
358 1570 544 1642 103-114,
570 1566 607 1627 de
626 1587 682 1647 quo
703 1586 788 1647 supra
809 1588 838 1646 p.
855 1587 887 1627 cr
906 1569 985 1628 dixi‘
1001 1557 1105 1626 'Altera
1124 1586 1190 1646 pars
1209 1570 1240 1628 in

135 1660 190 1720 deo
208 1663 312 1720 selectu
331 1670 374 1719 est
391 1660 496 1720 fabula.
525 1661 568 1719 lia
588 1658 823 1740 quemadmodum
841 1660 878 1718 de
892 1660 959 1717 lano
979 1659 1098 1719 traditur
1117 1663 1154 1719 ab
1166 1661 1240 1721 Oui·-

64 1818 68 1823 ,
135 1754 182 1813 diu
200 1754 369 1812 naa-254
388 1765 418 1813 et
436 1756 564 1812 Varrone
590 1751 665 1830 apud
685 1755 865 1831 Augustinum
885 1752 922 1813 fr,
938 1758 968 1827 3,
995 1763 1104 1812 uetusta
1124 1772 1159 1812 ac
1179 1755 1239 1813 La·-

92 1848 95 1859 '
135 1850 194 1907 tina
211 1865 273 1907 esse
292 1855 399 1925 potesta
427 1847 500 1905 lilius
519 1847 577 1904 eius
595 1846 720 1921 Fontns,
740 1849 816 1904 cuius
836 1866 884 1905 ara
902 1849 929 1906 in
950 1847 1071 1906 laniculo
1089 1846 1156 1923 fuir,
1175 1850 1238 1908 Cic.

135 1941 209 2020 legg.
221 1947 253 2016 2,
267 1946 315 2016 22,
327 1940 377 2015 56,
397 1940 432 1999 ab
452 1939 573 1997 Arnoblo
593 1942 623 2012 ³,
637 1940 674 1995 29
694 1939 812 1997 traditor
829 1950 858 1998 et
877 1959 947 1998 uxor
964 1942 1089 2015 Iuturna,
1109 1943 1146 1999 ab
1167 1941 1239 2000 Oui·

26 2114 29 2122 ἢ
84 2029 93 2047 ”
135 2032 182 2093 dio
198 2044 266 2092 met.
281 2035 328 2105 14,
339 2037 405 2107 333,
415 2036 470 2090 381
487 2032 605 2090 Venilia.
636 2031 707 2089 illud
722 2031 759 2090 de
777 2035 839 2115 citu
858 2028 1126 2103 innocentiora'Ou.
1141 2040 1239 2094 u.247

109 2147 114 2163 *
136 2147 212 2206 sqq,
237 2126 314 2205 quud
333 2145 396 2183 cum
414 2125 528 2184 Saturni
547 2127 679 2185 societate
698 2127 770 2185 hene
788 2126 959 2205 quadrabat,
983 2127 1095 2186 dubium
1115 2128 1163 2185 uix
1181 2139 1239 2206 est,

136 2223 204 2302 quin
230 2220 340 2299 plurimi
364 2220 556 2279 Romanorum
583 2208 694 2276 cansam
722 2217 866 2276 claudendi
890 2239 961 2298 pace
984 2220 1042 2278 lani
1064 2224 1237 2299 putauerint,

136 2333 199 2372 cum
224 2314 425 2392 capcerimouia
444 2315 536 2391 potius
561 2311 676 2370 fabulae
699 2313 777 2388 urigo
803 2311 887 2370 fuisse
914 2313 1047 2374 uideatur.
1087 2314 1238 2374 Niebubrii

63 2456 64 2460 ,
136 2405 287 2484 disputatio
307 2405 369 2463 bist.
390 2406 445 2464 Ru.
468 2412 495 2480 1,
510 2409 567 2463 324
586 2406 735 2463 adiuuatur
754 2405 845 2464 Seruii
864 2408 1020 2464 testimonio
1036 2405 1072 2464 ad
1093 2412 1163 2467 Aru.
1187 2416 1237 2487 12,

136 2503 203 2558 198.
238 2500 361 2558 Alterum
378 2498 424 2555 dei
442 2499 644 2556 matrimonium
664 2500 794 2557 conuenit
812 2519 874 2558 cum
893 2499 987 2557 sabula
1000 2499 1048 2575 ‘de‘
1055 2500 1237 2563 Lentulorum

137 2593 254 2670 origine,
274 2592 311 2649 de
330 2610 386 2669 qna
407 2610 490 2669 supra
509 2611 538 2669 p.
551 2609 647 2649 cxrrx
661 2610 704 2668 sq.
722 2590 824 2648 dictum
845 2601 897 2650 est.
935 2591 1034 2670 Longe
1052 2594 1238 2656 discesserunt

137 2684 327 2762 grammatici,
347 2704 464 2763 quorum
486 2685 611 2761 Hyginus
631 2693 702 2742 teste
720 2683 863 2742 Macrobiu
882 2693 936 2743 sat.
957 2691 1021 2770 1,7
1041 2700 1086 2763 et,
1106 2700 1138 2747 ut
1157 2700 1236 2768 putu,

75 2769 80 2779 ’
137 2779 239 2838 Seruio
259 2775 296 2835 ad
315 2780 384 2834 Aen.
404 2782 434 2851 8,
454 2781 512 2833 330
538 2794 651 2834 uxorem
672 2776 826 2853 Cameren,
851 2779 937 2841 filiurn
957 2780 1081 2837 Tiberim
1097 2783 1237 2843 'tradiditc

136 2871 207 2931 haec
225 2881 390 2950 repetuntur
408 2889 426 2927 a
442 2870 557 2928 Graecis
571 2869 735 2943 Protarcho,
753 2870 882 2946 Xenone,
901 2872 1040 2947 Dracone,
1059 2873 1238 2954 Demopliilo,

137 2966 186 3045 qni
204 2965 296 3042 ipsum
316 2965 413 3021 lanum
430 2964 539 3022 exulem
560 2983 615 3021 unu
633 2964 698 3022 naui
717 2964 812 3036 (Seru.
828 2968 897 3023 Aen.
915 2969 944 3040 8,
957 2967 1027 3037 357)
1045 2984 1080 3024 ex
1100 2967 1239 3028 Perrhae·

136 3059 182 3118 bia
202 3059 291 3134 (Plut.
311 3067 418 3136 quaest.
438 3077 480 3115 ro.
500 3057 554 3131 22)
575 3058 692 3126 uenisse,
713 3059 750 3113 ibi
770 3077 837 3116 uero
857 3077 979 3116 sororem
999 3069 1028 3117 et
1047 3079 1161 3120 uxorem
1182 3064 1239 3121 Ca·

136 3155 223 3212 misen
242 3155 301 3210 siue
321 3151 496 3212 Camasenen
515 3151 605 3228 (Lyd.
626 3152 768 3207 demens.
789 3153 819 3224 4,
838 3157 857 3206 2
877 3153 951 3226 lim),
970 3153 1055 3210 filium
1076 3154 1237 3230 Aethecem,

137 3246 222 3306 filiam
240 3245 383 3304 Olistenen
400 3245 513 3319 (Athen.
527 3246 573 3313 15,
585 3247 641 3300 692
649 3247 678 3315 e)
699 3243 826 3301 hahuisse
845 3263 879 3302 ac
897 3264 997 3303 nornen
1017 3247 1083 3304 lano
1102 3247 1190 3306 fluuio
1210 3259 1239 3306 et

137 3339 228 3397 monti
247 3337 356 3395 dedisse
374 3338 488 3409 (Athen,
502 3339 549 3412 15,
565 3336 661 3407 6936)
680 3338 856 3393 commentati
881 3348 955 3396 sunt.
995 3339 1122 3398 Aethices
1145 3360 1237 3418 pupu-

137 3431 182 3494 lus
201 3440 230 3487 ut
248 3429 398 3489 Perrhaebi
416 3433 444 3488 in
464 3440 559 3488 monte
580 3429 668 3487 Pindo
687 3438 750 3485 sunt
769 3429 844 3506 apud
863 3420 1035 3509 Stephanum
1055 3432 1125 3508 Byz.
1145 3453 1173 3510 p.
1185 3438 1236 3508 30,

137 3527 177 3581 26
191 3521 274 3581 Dind.
295 3532 324 3578 et
341 3520 459 3578 Plinium
479 3535 537 3581 nat.
552 3523 615 3581 hist.
630 3526 659 3592 4,
673 3529 705 3580 L
740 3521 879 3581 Oloossun
907 3526 972 3581 urbs
991 3523 1176 3583 Perrhaehica
1195 3535 1238 3584 est

138 3615 282 3693 Stephano
301 3633 330 3691 p.
343 3615 409 3682 326,
426 3616 462 3671 19
472 3614 556 3672 Dind.

119 3732 122 3736 ·
213 3708 258 3766 De
279 3701 359 3765 lune
379 3707 520 3785 cerbonius
539 3706 696 3783 disputandi
716 3708 796 3769 huius
815 3711 868 3770 loci
888 3730 943 3770 non
964 3721 1017 3786 est,
1037 3731 1099 3770 cum
1119 3712 1238 3771 Ouidius

80 3806 86 3815 ’
136 3809 314 3860 sextantum
333 3799 392 3857 eius
412 3800 575 3876 cognomina
594 3815 799 3862 commemoret.
828 3806 933 3862 Eorum
951 3800 1007 3860 duo
1019 3804 1238 3876 intenturam

65 3907 66 3910 ’
138 3904 168 3953 et
180 3895 279 3951 Stator
292 3895 323 3967 6,
333 3893 390 3948 787
411 3890 448 3948 de
466 3910 501 3949 eu
520 3911 623 3969 genere
641 3905 715 3969 sunt,
735 3905 766 3954 ut
777 3899 902 3973 Iuppiter
916 3900 1008 3972 Lupis
1024 3896 1060 3955 sr.
1071 3903 1102 3974 6,
1121 3910 1239 3978 propter

138 3987 214 4065 quod
234 3986 325 4043 Varro
351 3993 417 4041 aute
440 3984 515 4041 illum
536 3984 608 4043 lonis
628 3987 777 4064 Capitolini
796 3989 979 4065 principatum
998 3995 1135 4051 trcucrctos
1152 3997 1239 4051 durrus

138 4083 198 4139 stuc
217 4077 367 4155 cuplbbcrs,
393 4077 422 4138 h.
443 4096 482 4152 e.,
508 4087 538 4135 ut
556 4088 641 4155 putu,
668 4083 727 4139 sine
744 4081 923 4157 imaginibus,
942 4083 999 4138 uid.
1018 4101 1153 4161 pcxur,
1173 4086 1238 4142 solis

7 4183 28 4230 .’
138 4173 346 4253 ¹cognominibus
365 4169 544 4230 adumbratos
567 4171 652 4231 luisse
670 4175 794 4257 scripsit,
822 4175 870 4252 qui
890 4173 991 4232 deinde
1008 4178 1127 4235 nominis
1146 4194 1239 4255 prope
