2550 4574
529 262 681 321 55551551
1013 278 1155 331 nxxxm

51 419 176 500 1551555,
193 434 223 486 el
241 445 274 487 co
290 414 373 486 15555
389 424 430 485 55
445 414 584 502 faotione,
605 442 678 502 quos
694 422 831 501 uoluerat,
849 427 1009 505 5555551551
1046 428 1092 493 Do
1109 432 1156 496 dio

52 518 108 582 isto
128 520 328 596 Consualium,
354 539 384 579 u.
397 524 472 590 200,
496 508 683 597 pelincerturn
700 526 762 594 est,
787 528 879 578 naum
896 520 983 581 factm
1000 522 1156 589 biall'eanos

55 612 191 694 55555155
206 608 336 687 Ouidius,
360 631 397 672 an
417 612 536 671 Fabium
551 611 697 671 Pictorem.
738 614 764 671 ls
784 612 856 671 eninr
874 615 1025 675 secondum
1043 619 1155 681 Plutar-

57 710 138 767 cbnm
157 710 240 767 Rom.
260 709 299 765 14
315 707 355 767 in
383 697 521 783 τετάρτῳ
538 700 612 782 μηνὶ
630 698 710 782 μετὰ
729 699 785 783 τὴν
803 699 901 765 arlon
926 707 1043 769 Sabinas
1060 724 1155 792 raptas

10 856 12 867 .
58 804 235 876 aedidit-ac
252 800 342 858 Nonis
361 800 434 858 loliis
453 800 574 859 Tertull.
594 799 736 879 despuet.
757 800 814 858 55
833 800 982 860 Consualia
1000 802 1086 865 fuisse
1103 807 1155 867 do·

10 902 13 975 g
56 904 111 954 ot.
158 895 249 952 uersu
275 894 410 971 sapenos
436 880 494 953 1oo
526 893 656 972 aspirat
680 892 748 951 mont
772 890 855 951 aaa.
880 895 1034 974 captum
1064 916 1155 975 ραω,

11 988 14 1003 “
56 988 223 1047 5551555155
244 986 362 1046 Sarnios
380 986 418 1045 ad
437 989 506 1046 Aeo.
527 991 573 1058 10,
593 987 650 1045 245
675 986 820 1045 annotauit
837 985 874 1045 dc
893 988 1018 1047 molestia
1035 990 1064 1049 in
1083 992 1155 1053 inse·

56 1080 145 1140 reoda
159 1078 291 1159 deinceps
305 1080 416 1140 dinemo
430 1081 514 1141 modo
526 1079 648 1140 secunda
663 1096 793 1159 persona.
823 1080 963 1139 Coniicioc
979 1091 1073 1159 55551,
1092 1105 1156 1147 curn

54 1184 120 1234 oet
136 1180 151 1231 1
167 1174 224 1232 sint
240 1175 402 1233 simillimae.
447 1175 493 1235 De
510 1175 593 1253 asylo·
611 1168 752 1232 Ouidiona
776 1177 807 1248 5,
826 1175 974 1233 410-34
993 1194 1029 1236 ex
1047 1179 1156 1241 Catone

54 1267 204 1345 desumpta
222 1269 353 1325 existimo
367 1258 424 1326 leui
441 1268 552 1338 indicio,
571 1274 689 1345 propter
706 1267 791 1324 uerba
810 1267 877 1327 inde
895 1270 1006 1347 prolata
1026 1289 1044 1331 a
1062 1268 1156 1333 Gellio

52 1364 108 1436 15,
127 1366 181 1419 125
209 1360 457 1422 codort'comrmoo
472 1362 567 1442 plures
584 1362 796 1420 ummsitoucros
821 1379 852 1420 oo
876 1380 923 1421 roa
944 1380 1037 1422 corum
1062 1368 1156 1427 55511.

55 1458 163 1516 &mom
181 1472 238 1513 non
257 1450 371 1513 Romuli
389 1462 419 1512 et
436 1455 524 1537 Remi
537 1453 677 1530 intelligo,
696 1452 745 1511 sed
765 1453 821 1526 ita,
847 1455 888 1512 uti
906 1454 1071 1518 Plutarchus
1089 1458 1159 1520 dixit

54 1551 143 1610 nom.
162 1568 187 1606 c.
201 1550 237 1605 92
258 1539 340 1625 inodo
357 1564 389 1606 τι
407 1537 541 1625 φύξιμον
559 1537 899 1615 κατασκευάσαντες-
917 1542 1069 1625 ἐδέχοντο.
1098 1552 1158 1612 Ali·

57 1654 105 1702 ter
122 1644 186 1701 alios
204 1659 268 1700 eam
287 1658 346 1699 rem
364 1638 510 1698 enarrasse
531 1658 680 1718 cognosces
700 1658 735 1698 ex
753 1641 868 1717 August.
887 1659 914 1703 c.
934 1642 963 1702 d.
985 1649 1012 1715 1,
1026 1647 1073 1715 34,
1093 1646 1157 1707 5511.

54 1736 194 1814 mytbogr.
216 1734 286 1797 Vat.
306 1753 335 1812 p.
347 1736 387 1790 24
405 1733 472 1793 bloi.
510 1734 594 1804 Quod
614 1733 762 1813 Dionysius
779 1737 811 1808 2,
828 1733 864 1791 15
884 1735 936 1794 aits
957 1729 1020 1819 ὅτῳ
1040 1732 1076 1798 δὲ
1094 1730 1158 1819 ἄρα

53 1830 143 1891 θεῶν
160 1822 181 1907 ἢ
199 1818 357 1902 δαιμόνων
371 1835 436 1899 etc,
456 1836 563 1905 spectat
581 1827 617 1885 ad
637 1827 782 1886 discrimen
802 1828 860 1886 eius
878 1832 1054 1908 narrationis,
1073 1852 1158 1913 quam

51 1923 183 2002 aequitum
199 1920 330 1996 Ouidius,
350 1930 379 1978 ct
397 1920 577 1997 Calpurnium
592 1920 720 2000 Pisonem
741 1921 816 2000 apud
833 1922 915 1981 Seru.
928 1922 964 1982 ad
977 1923 1046 1983 Aen.
1060 1930 1091 2000 2,
1098 1928 1157 1985 751

52 2017 93 2077 de
112 2016 168 2074 deo
186 2015 300 2092 Lycori,
318 2013 394 2092 ¹qnod
413 2015 529 2071 innuere
548 2014 630 2071 etiarn
652 2013 763 2072 uidetur
781 2012 890 2073 Gellius
910 2014 940 2090 5,
961 2021 1008 2072 12.
1047 2016 1160 2075 Certior

49 2130 103 2172 nes
130 2120 174 2169 est
196 2109 234 2168 de
260 2108 370 2167 Catone
394 2109 423 2165 in
451 2106 657 2164 narratiuncula
683 2106 719 2165 dc
741 2107 881 2165 Mezentio
907 2116 936 2165 et
961 2108 1104 2167 vinalibus
1126 2110 1158 2187 4,

50 2206 235 2265 *ate-sea.
273 2203 427 2280 scripserat
446 2201 493 2259 ille
510 2201 565 2258 tria
584 2200 658 2258 bella
676 2209 793 2278 propter
803 2198 938 2256 Lauiniae
955 2200 1159 2261 matrimonium

54 2299 144 2358 fnisse
160 2296 268 2357 Latinis
286 2305 316 2352 et
334 2296 458 2369 Rutulis,
476 2293 559 2353 Seru.
579 2293 615 2351 ad
635 2294 704 2351 Aen.
724 2296 754 2368 o,
766 2294 838 2349 760:
856 2292 947 2369 primo
962 2293 1092 2353 Latinum
1111 2312 1159 2354 oc-

55 2394 144 2452 cisum
163 2407 225 2448 esse
243 2390 273 2446 in
291 2407 359 2447 arce
374 2387 576 2462 Lancolauioii,
595 2384 635 2444 id.
655 2385 692 2443 ad
710 2388 741 2461 9,
760 2388 834 2443 7455
862 2386 991 2444 Turnum
1008 2386 1112 2466 fugisse
1130 2398 1160 2449 et

51 2501 126 2545 tnox
142 2482 274 2542 blezentii
291 2488 378 2560 opera
396 2482 560 2560 implorata,
586 2478 637 2538 cir.
658 2478 783 2559 Macrob.
803 2486 832 2554 5,
851 2480 888 2555 5,
915 2478 1046 2540 cecidisse
1064 2483 1093 2540 in
1112 2501 1160 2543 se·

55 2576 167 2651 cundo,
191 2575 290 2635 555555
310 2588 378 2633 uero
404 2576 486 2632 etiam
506 2576 627 2632 Aeneam
643 2582 755 2651 raptum
773 2591 852 2649 esse,
879 2575 961 2633 Sero.
981 2573 1018 2633 ad
1037 2578 1159 2651 1‚‚2ot;

57 2673 90 2747 4,
109 2673 182 2729 onoc
208 2678 350 2747 postremo
373 2667 402 2725 in
428 2669 575 2725 Ascanium
602 2674 631 2723 et
655 2665 822 2725 Mezentium
846 2668 978 2745 migrasse
1004 2668 1095 2745 bella,
1123 2666 1160 2728 ab

59 2764 178 2822 Ascanio
195 2762 364 2821 Mezentium
391 2765 527 2835 occisum,
552 2758 590 2816 id.
610 2759 677 2819 ibid.
718 2762 790 2819 Hinc
815 2778 907 2838 neque
932 2778 1016 2819 uersu
1035 2760 1111 2837 579,
1128 2762 1161 2843 ¹oi

60 2866 144 2917 recte
160 2874 223 2915 cum
249 2852 425 2933 perpendas,
449 2852 567 2911 discedit
585 2850 720 2925 Ouidius,
747 2872 838 2933 neque
857 2874 886 2912 5.
896 2855 953 2913 895
971 2856 1080 2912 Aeneas
1097 2844 1160 2914 Me·
1245 2924 1249 2932 Ι

61 2950 143 3008 motii
160 2949 323 3007 interfector
341 2956 384 3003 est
401 2945 612 3023 intelligendum
637 2947 693 3006 dno
713 2948 785 3007 bella
804 2947 903 3006 eodem
923 2966 997 3005 anno
1016 2947 1161 3005 commissa

62 3042 314 3103 515555155897.
354 3040 399 3098 De
419 3048 485 3097 noto
502 3039 564 3116 ipso
578 3041 689 3100 Aeneae
702 3038 925 3120 quandoquidem
940 3040 1054 3098 Catonis
1073 3040 1162 3098 uerba

65 3132 194 3195 11555555
218 3133 295 3213 apud
313 3134 438 3191 Macrob.
459 3136 490 3206 3,
509 3135 540 3206 5,
560 3136 673 3210 neila,
702 3144 782 3215 patet
804 3152 838 3192 ea
862 3132 943 3191 aliter
965 3131 1107 3190 intellecta
1124 3129 1161 3190 ab

68 3226 176 3304 Ouidio,
194 3246 279 3307 quam
298 3246 316 3286 a
336 3228 435 3285 Verrio
453 3227 574 3300 Flacco,
593 3246 675 3304 quem
694 3226 839 3305 probabile
857 3233 900 3283 est
919 3234 948 3283 ct
965 3225 1055 3303 ipsum
1075 3224 1161 3313 Qatn-

70 3338 126 3380 nour
144 3323 222 3400 sequi
240 3324 269 3379 15
288 3321 385 3379 tabula
403 3318 584 3378 Praenestina
605 3328 635 3377 et
659 3319 733 3398 apud
753 3318 866 3376 Festum
885 3337 915 3396 p.
925 3319 992 3390 255,
1007 3322 1046 3376 30
1064 3318 1161 3378 lllnell.

74 3412 125 3473 Clr.
143 3416 181 3474 de
199 3414 352 3473 'ulndzmio
371 3406 453 3471 Seru.
472 3412 509 3469 nd
528 3428 572 3490 ge.
593 3419 623 3488 2,
642 3415 681 3471 a:
710 3413 865 3489 Vtramque
883 3423 975 3472 tamen
996 3414 1162 3492 interpreta-

75 3505 164 3566 tionem
182 3524 323 3587 peraeque
341 3507 390 3565 illa
411 3498 500 3565 uerba
517 3505 678 3582 admittunt,
700 3516 730 3563 et
747 3513 893 3583 praeterea
911 3506 1021 3566 tertiam
1041 3505 1078 3565 de
1096 3505 1163 3564 uin-

77 3594 157 3658 lonas
181 3620 323 3679 nunqnam
345 3604 405 3656 non
432 3592 461 3657 et
486 3592 550 3656 olim
570 3600 645 3677 apud
664 3599 780 3655 Latinos
799 3596 858 3656 loni
877 3600 977 3668 sacris,
1004 3598 1060 3658 uid.
1078 3599 1162 3659 Varo.

77 3687 293 3763 551.1.5,15.
331 3692 431 3769 Longe
456 3693 537 3750 aliter
561 3692 636 3751 illum
663 3710 722 3751 rem
748 3692 816 3749 alios
841 3693 906 3750 olim
930 3700 1057 3751 auctores
1076 3682 1163 3749 trad·

78 3779 137 3842 disse
154 3794 310 3863 cognosces
323 3804 380 3844 555
399 3802 416 3844 o
439 3785 533 3843 fictitio
555 3784 603 3842 illo
622 3791 736 3841 anctore
760 3783 796 3841 de
816 3784 921 3861 origine
944 3784 1035 3861 gentis
1052 3784 1163 3843 Rorna-

10 3882 14 3917 1
79 3884 133 3952 tlte,
148 3879 198 3938 sed
216 3898 252 3938 ex
271 3881 357 3938 Festo
375 3881 486 3958 p.194,
504 3879 553 3953 15,
574 3876 706 3952 Dionysio
726 3875 790 3933 Hal.
811 3881 841 3951 l,
856 3879 906 3953 54,
919 3878 969 3953 65,
987 3878 1069 3936 Liuio
1089 3883 1119 3953 1,
1133 3880 1163 3935 a.

10 3994 16 4019 ν
82 3963 195 4031 Meum
212 3974 374 4053 exemplum
392 3985 539 4032 accuratae
557 3971 731 4028 historiarum
750 3969 875 4029 lectionis
894 3979 959 4030 sunt
978 3988 1075 4028 uersas
1091 3968 1162 4029 Oui·

10 4064 39 4119 ¹.
81 4056 389 4142 1555257444,
417 4066 495 4144 qnos*
508 4061 595 4122 multa
615 4079 678 4119 curn
696 4050 816 4141 utilitato
840 4064 966 4123 conferes
984 4082 1048 4122 cum
1066 4078 1162 4120 narra·

10 4167 23 4195 ⁹
83 4151 203 4239 baua,
230 4170 316 4240 quam
336 4160 472 4219 arnobius
491 4162 523 4234 5,
543 4162 559 4215 1
582 4174 617 4214 ex
635 4155 754 4216 5555555
771 4156 899 4219 Annalis
917 4157 1002 4233 libro,
1025 4155 1109 4234 ipsis,
1131 4162 1164 4213 ut

861 4251 886 4310 F
905 4255 927 4309 2
