2550 4574
529 274 561 317 v.
584 272 704 323 rrourr-
1081 280 1169 357 xurx¹

60 445 155 488 umas
172 428 288 489 litterae
310 426 340 485 in
364 425 548 484 marmoribus
568 420 1030 506 notarentur,·coniunge'rcoturr
1056 448 1114 490 uno
1132 442 1165 492 ut
1239 418 1242 425 ’

62 522 186 602 exemplo
213 516 385 599 perfungar,
411 519 479 578 uide
503 518 626 597 lapidem
645 518 835 578 sedunensem
860 523 935 600 apud
954 524 1101 602 Neapolim
1127 526 1165 587 ad

64 615 124 675 On.
140 616 215 674 liost.
234 620 266 690 2,
287 620 354 671 121.
392 612 577 670 Eueouerant
600 613 655 670 isto
672 613 700 668 in
719 613 806 670 uerbo
825 614 860 689 P,
875 617 903 672 A
922 626 951 673 et
969 627 1049 695 parte
1067 619 1164 679 dexte·

68 711 141 768 riore
155 702 270 785 ll,'tnm
290 708 400 766 litterae
420 706 445 762 Δ
465 705 538 761 alter
558 705 680 777 tibicen,
700 714 733 763 ut
749 707 894 766 uideretur
911 710 1010 769 adesse
1027 712 1059 769 P.
1098 714 1164 790 Syl·

10 874 14 885 μ
71 803 130 861 lobs
144 802 180 861 Ll
198 803 259 860 uisa
279 811 323 859 est
341 818 401 859 esse
419 799 467 873 l.l,
488 798 721 875 quemadmodum
740 800 769 857 in
787 801 866 859 lastis
886 803 1105 880 Capranicorum
1122 806 1164 865 Xl
1255 865 1262 890 ι

10 900 12 907 ’
71 896 115 954 Kl'
130 896 209 974 Sept.
234 893 309 974 apud
328 893 434 951 dldum
461 903 491 950 et
515 890 682 969 Pogginium
708 893 801 951 editur
825 894 850 950 B
870 895 918 952 Xl.
938 895 1016 969 RN,
1043 916 1095 973 pro
1126 917 1163 959 eo

72 989 140 1067 quod
157 989 275 1048 debebat
293 1004 356 1046 esse
374 989 414 1045 Xl
431 985 497 1046 EN.
536 986 593 1044 Sed
618 986 744 1064 inprimis
762 986 786 1045 P
805 1007 857 1066 pro
876 991 899 1047 Δ
918 989 975 1066 legi
998 991 1026 1046 in
1046 991 1164 1067 procliui

10 1069 22 1171 ζ
74 1091 135 1141 erut.
161 1084 245 1141 ltaio
257 1091 437 1139 monumento
456 1083 598 1155 ancyrano
613 1080 699 1137 tobi
719 1097 740 1136 a·
748 1078 823 1139 dext.
843 1080 1163 1143 Basilicamcolt-

10 1176 19 1186 '
75 1175 246 1234 struuntur
270 1194 323 1252 pro
342 1173 610 1232 CONSVMPTAM
630 1174 777 1247 legerunt,
804 1191 838 1230 ao
863 1175 989 1233 similiter
1013 1174 1070 1234 duo
1094 1196 1163 1254 per-

77 1268 141 1327 docti
159 1267 345 1346 srcbaeologi,
364 1269 514 1344 Dionysius
534 1264 782 1325 Halicarnassensis
801 1275 830 1325 et
849 1266 971 1325 Orellius
991 1270 1163 1347 Turicensis‚

10 1346 28 1370 Γ
77 1362 210 1441 aliqnando
228 1363 258 1419 irr
276 1362 418 1419 ueteribus
436 1361 620 1419 monumentis
639 1362 767 1437 legerunt
786 1359 812 1416 D
828 1379 880 1438 pro
897 1360 930 1419 P.
966 1362 1014 1421 lile
1032 1362 1163 1423 DENAS

10 1518 31 1539 n
78 1474 120 1533 pro
134 1455 257 1514 PENAS
278 1460 306 1529 1,
325 1456 380 1528 683
406 1453 450 1510 bic
476 1455 504 1510 in
530 1455 625 1512 tabula
642 1453 815 1513 Amiternina
840 1455 898 1512 aeri
918 1456 1005 1513 incisa
1023 1455 1077 1512 lroc
1099 1456 1162 1534 ipso

10 1542 32 1554 ⁸
79 1567 172 1627 pugnae
184 1547 363 1607 Pharsalicus
379 1547 425 1606 die
443 1566 496 1624 pro
515 1566 561 1623 eo,
580 1549 656 1626 quod
676 1557 767 1607 extat:
787 1548 951 1608 CAESCF
964 1548 1162 1608 PHARSALI·

78 1633 218 1702 nnvlclu
234 1640 321 1700 edidit
336 1639 531 1699 PHARSALl.
543 1640 712 1700 DEVlClT.
742 1642 828 1719 Atqui
849 1645 1026 1720 promisserat
1044 1661 1075 1700 se
1092 1642 1163 1702 fide·

10 1776 32 1832 L.
75 1736 128 1795 lito
141 1736 207 1795 illuri
227 1733 306 1792 radio
325 1734 493 1811 descriptum
514 1734 672 1810 exemplum
689 1745 849 1793 secuturum
869 1755 945 1807 esse,
965 1745 994 1795 et
1013 1736 1071 1793 eius
1089 1737 1164 1796 ratio

10 1869 15 1895 -,
70 1829 177 1889 lacunae
193 1838 260 1908 post
277 1827 377 1886 dmioil
395 1827 576 1904 suspicionem
592 1828 725 1905 excludit,
745 1848 801 1906 quo
821 1829 850 1886 id
868 1848 903 1887 ex
919 1849 968 1888 usu
989 1823 1090 1887 latinae
1108 1831 1162 1887 lin·
1229 1892 1237 1905 ,

10 1961 20 1989 r
67 1942 132 2000 guse
157 1924 260 1982 dictum
281 1922 375 1980 uideri·
385 1921 481 2000 possit.
519 1921 634 1978 Rectius
658 1923 697 1978 ita
721 1923 879 2000 interpungi
898 1923 1011 2001 opinor:
1040 1922 1162 1981 PHrlR-

10 1998 18 2013 ”
62 2017 203 2078 snmus.
214 2016 331 2074 VlClT.
360 2017 438 2073 Haeo
451 2014 594 2091 bucusque
612 2016 736 2091 exposita
756 2033 869 2075 necesse
888 2026 930 2075 est
948 2016 1073 2094 quemuis
1091 2015 1161 2074 edo·

60 2120 141 2170 ceant
160 2111 197 2169 de
215 2109 370 2189 apographi
389 2108 514 2187 Pigbiani
533 2125 645 2182 magno,
664 2109 833 2186 reliquorum
852 2120 944 2167 antem
965 2110 1041 2167 nullo
1060 2109 1160 2187 pretio,

56 2206 108 2264 nisi
127 2206 177 2283 qui
196 2204 280 2263 ualde
297 2204 501 2282 superstitiosos
521 2211 571 2258 aut
595 2202 761 2278 suspiciosus
780 2204 832 2276 sit3
863 2203 929 2259 lrino
946 2204 1029 2279 igitur
1046 2202 1160 2261 iudicari

56 2300 140 2357 iubeo
158 2298 186 2355 io
205 2298 328 2374 reliquis,
347 2314 420 2373 quae
436 2294 577 2367 differunt,
597 2296 659 2370 quis
673 2294 830 2371 deliquerit,
850 2297 873 2353 si
891 2314 935 2354 res
950 2297 1011 2374 ipsa
1026 2314 1161 2374 unquam,
1183 2306 1186 2313 ’

55 2391 136 2469 quod
155 2392 201 2448 uix
220 2391 315 2465 credo,
335 2391 533 2448 dubitationem
554 2387 692 2445 admittat.
731 2388 803 2446 Cum
822 2390 895 2467 prid.
915 2390 991 2448 Non.
1009 2389 1095 2448 Febr.
1114 2391 1161 2449 lit·

55 2494 123 2539 tere
139 2482 168 2537 N
187 2483 320 2540 omittitur
339 2482 516 2559 aFogginio,
538 2478 603 2558 quid
624 2481 698 2538 aliud
718 2500 779 2539 esse
798 2484 896 2560 possit,
916 2503 999 2561 qnam
1018 2485 1090 2541 illius
1109 2503 1160 2542 ne·

57 2574 330 2652 gligentia,.quando
342 2574 429 2632 Aldus
444 2585 472 2634 ct
485 2575 623 2633 Graeuios
643 2592 704 2631 curn
719 2575 817 2653 Pighio
836 2575 964 2635 faciunt?
993 2579 1067 2636 idem
1084 2579 1161 2655 Fog-

55 2669 150 2746 ginius
168 2668 205 2726 lX
219 2665 269 2724 Kl’
282 2667 364 2725 Mart.
384 2668 529 2725 Feralibus
548 2668 667 2724 litteram
686 2668 710 2723 F
730 2688 787 2727 non
806 2669 899 2727 addit:
921 2688 1051 2745 magnum
1070 2672 1100 2729 id
1119 2680 1163 2730 est

55 2761 191 2838 flagitium
217 2762 245 2818 in
274 2778 304 2818 re
329 2763 400 2818 scitu
425 2761 592 2837 dignissima.
643 2763 774 2820 Tuentur
802 2763 877 2819 illam
905 2764 1024 2821 litteram
1052 2764 1162 2842 reliqui,

55 2853 171 2930 Pighius
189 2855 218 2911 iu
238 2855 434 2912 commentario
453 2853 524 2911 adeo
543 2853 676 2912 disertum
696 2857 882 2914 testimonium
901 2860 1010 2932 posuit:
1039 2857 1097 2915 dies
1115 2875 1163 2914 sa·

57 2967 121 3006 cros
141 2945 275 3022 quaedum
293 2966 362 3006 suus
382 2947 415 3006 ob
434 2950 557 3005 rabiosos
574 2947 668 3021 foetos
685 2952 812 3026 upum,
838 2957 871 3007 ut
893 2950 947 3006 sint
970 2953 1077 3026 primos
1094 2951 1163 3008 oruti

58 3040 221 3111 Kelados,
247 3042 375 3114 Feralis,
401 3044 502 3100 Nouus
525 3044 664 3111 Martius,
692 3042 791 3118 quibus
818 3044 915 3100 Veioui
941 3059 994 3099 uro
1020 3042 1164 3099 dedicatur

59 3137 126 3193 ibor
144 3134 280 3204 mles,
306 3134 403 3211 quibus
421 3135 516 3194 Saluti
533 3137 563 3192 iu
584 3135 724 3206 Quirinali
742 3133 909 3208 cucullosus
926 3133 1064 3210 poblicum
1081 3132 1165 3208 debui

62 3236 118 3286 etc.
146 3229 207 3285 lloc
220 3246 255 3285 eo
268 3230 438 3287 commodius
452 3237 576 3302 notatur,
596 3247 657 3285 oum
677 3229 706 3284 in
725 3228 882 3304 fragmento
897 3228 1065 3285 Farnesiuoo
1081 3228 1164 3288 etiem

65 3323 93 3377 ei
111 3319 163 3379 diei
178 3330 248 3378 nota
269 3321 349 3380 desit.
388 3323 497 3381 Eodem
516 3321 599 3379 modo
618 3321 754 3379 Kalendis
771 3322 878 3379 Martiis
904 3331 997 3378 notam
1016 3320 1067 3377 NP
1086 3320 1165 3398 Fag-

64 3413 152 3490 gioius
168 3425 198 3471 et
217 3413 340 3473 Orellius
364 3416 450 3494 plane
475 3416 622 3489 omittunt,
648 3424 679 3471 et
698 3414 846 3491 Fogginius
873 3414 973 3472 eodem
998 3413 1043 3470 die
1068 3433 1104 3470 ne
1128 3414 1166 3471 de

64 3505 140 3564 iestis
155 3506 343 3567 Praenestinis
362 3519 489 3584 constet,
516 3507 626 3582 effecit,
652 3508 717 3585 quia
736 3509 763 3565 in
784 3508 911 3585 exemplo
931 3507 1008 3565 radio
1028 3506 1166 3584 descripto

65 3599 127 3675 NP,
144 3601 173 3658 in
193 3602 265 3678 typis
284 3620 426 3680 expresso,
445 3601 520 3679 quod
539 3602 601 3679 plus
617 3602 786 3659 auctoritatis
801 3601 904 3659 lrabere
921 3601 1052 3675 debebat,
1070 3599 1099 3655 N
1113 3618 1167 3677 po·

65 3695 128 3770 suit,
147 3696 366 3773 necquicquam
387 3696 504 3753 monuit.
545 3695 698 3752 Credamus
716 3697 800 3771 igitur
818 3703 930 3773 oportet
949 3693 1060 3769 reliquis
1077 3690 1167 3749 fasto-

65 3805 124 3844 rum
141 3785 223 3844 niaff.
250 3789 401 3848 editoribus
426 3797 456 3846 et
481 3785 570 3864 Pigbii
597 3790 687 3846 uerbis
713 3790 740 3845 in
768 3787 981 3845 commentario:
1010 3779 1168 3843 Occurrunt

63 3883 182 3958 prium
200 3881 347 3940 liniendos
364 3884 492 3941 Martius
510 3884 581 3938 iuter
600 3900 693 3941 uuum
711 3882 763 3941 buo
780 3888 850 3939 stolo
867 3883 926 3938 NP
942 3881 1080 3953 iusiprtss,
1101 3880 1168 3954 quio

63 3979 156 4036 Morti
176 3983 202 4032 aa
221 3977 325 4034 lruroui
342 3978 467 4033 lardum
484 3973 659 4051 pouslioritor
685 3992 783 4034 sumno
805 3980 889 4048 susti,
913 3979 972 4031 buu
996 3971 1041 4030 uu
1064 3988 1169 4046 quoque

59 4069 242 4131 Mauonnllo
268 4075 295 4126 et
321 4066 486 4126 uuoilionrm
510 4066 622 4139 imbuo.
666 4068 709 4124 Ab
734 4066 807 4124 Aldo
833 4065 909 4143 quod
934 4064 1013 4123 XllX
1031 4065 1081 4123 ΚΡ
1099 4062 1167 4120 Mai.
1234 4078 1237 4085 ’

57 4164 153 4226 LVDI
172 4164 348 4238 omittuntur,
362 4160 445 4220 iacile
462 4160 623 4238 intelligitur
639 4159 669 4220 id
685 4160 876 4220 auctoritatem
889 4159 993 4218 babere
1005 4175 1062 4216 non
1073 4170 1167 4234 porse.
