2550 4574
532 244 686 296 eventura
1025 223 1162 300 anve
1260 228 1269 241 “

59 416 173 459 seuseu.
211 394 251 457 Et
270 415 298 457 ιι.
316 399 376 457 670
392 416 435 476 sq.
456 395 512 458 liba
530 397 708 474 diuiduntur,
734 416 792 458 nun
810 400 871 459 sine
889 399 1051 460 Calliniaebi
1068 403 1160 464 imita·

59 495 137 552 done
160 490 203 552 5.·
218 491 292 552 rese
318 482 375 552 Ἔιι
394 484 425 552 τ’
445 484 561 570 dprouc
580 484 735 570 σιπύηθεν
757 485 827 564 ἅλις
843 487 1014 570 κατέθηκεν
1033 487 1159 559 ἑλοῦσα.

57 584 182 644 Potaudi
201 586 248 644 sile
266 587 375 662 argutia
393 604 423 646 u.
437 586 548 664 53155.
567 606 624 647 555
643 595 687 644 est
705 586 781 664 quod
800 587 952 646 illustretur
967 586 1037 647 loeis
1052 590 1160 651 Horati

59 689 87 739 et
99 679 241 737 Martialis
258 696 358 756 parum
376 679 493 738 idoneis.
522 680 646 740 Aeemeit
662 680 728 738 illue
746 679 868 758 ludicrae
887 682 1000 739 aedona
1020 683 1160 760 quoddam

58 789 150 849 genus
169 790 188 831 e
206 772 321 830 theatris
339 772 505 849 repetitum:
523 791 588 830 eum
606 774 636 831 in
648 771 761 832 modum
774 773 848 833 uude
864 775 950 833 multa
964 776 1052 834 relata
1068 778 1161 856 suspi-

57 866 142 940 55515,
161 865 217 924 fuit
235 867 333 924 mimus
351 866 468 924 Laberii·
482 866 571 924 Arae
583 870 722 937 Persam
736 884 820 944 quem
838 867 930 945 ipsum
948 865 1079 927 Ouidium
1099 870 1160 929 inti·

15 1001 21 1020 .
57 965 149 1016 tatum
170 975 234 1017 esse
253 959 410 1020 oouieetare
428 959 537 1018 lioebitr
556 959 663 1037 aliquot
680 977 716 1017 ex
735 977 770 1018 eo
789 961 877 1019 uerba
895 963 1033 1040 excerpsit
1050 963 1160 1024 Gellius

58 1053 87 1122 7,
108 1055 163 1111 165
188 1051 351 1128 mersium
375 1051 483 1111 dixerat
507 1069 591 1130 quera
611 1050 730 1112 Ouidius
751 1050 950 1115 moderolbrm
971 1054 1159 1116 55951555

57 1144 233 1224 perdifficili,
259 1144 394 1220 necdum,
418 1144 527 1219 fateor,
553 1157 711 1223 persanare.
756 1146 958 1208 Sed-maxime
978 1148 1160 1219 memorabile

57 1237 95 1297 sd
113 1256 167 1313 ea,
187 1256 260 1319 quae
278 1238 315 1297 de
333 1239 387 1298 dea
405 1238 521 1316 posthae
539 1238 657 1299 dicenda
676 1249 775 1310 eruut,
792 1239 861 1298 illud
879 1246 938 1317 est,
956 1239 1032 1320 quod
1051 1239 1088 1299 de
1107 1242 1160 1300 ob·'

57 1334 166 1392 suaeuis
184 1330 326 1393 cantilenis
345 1330 464 1392 Ouidius
482 1351 512 1390 u.
523 1331 593 1407 675,
604 1335 673 1409 695,
693 1333 777 1393 etde
796 1334 939 1412 impudicis
957 1334 1051 1408 rebus‚¹
1069 1335 1160 1410 wirpi-

56 1445 109 1487 rtee
135 1445 252 1502 mure,
275 1427 455 1505 sisetiptura
479 1435 606 1500 wustat,
633 1426 766 1487 Martialis
785 1425 884 1487 lind.
904 1426 1028 1486 uadunt.
1065 1423 1161 1489 Nemo

56 1538 143 1579 sanus
160 1521 238 1598 apud
257 1519 390 1579 Ouidium
409 1525 505 1580 meent
524 1539 554 1579 u.
566 1521 624 1578 676
650 1520 678 1576 in
704 1518 776 1578 bane
798 1529 908 1598 partem
932 1519 1085 1596 iutelligetr
1111 1539 1160 1581 eae

57 1614 226 1692 eempbuton
244 1614 413 1693 inprudeuti
431 1611 534 1671 excidit
552 1622 583 1670 ut
595 1613 694 1686 5,’617
710 1622 740 1671 et
755 1613 832 1671 alias.
866 1613 948 1671 derio
961 1613 1160 1692 probraneeii·

56 1710 109 1786 pio
128 1717 159 1766 ut
177 1715 265 1767 satos
278 1707 407 1766 dessilus
425 1714 493 1765 met.
509 1711 543 1781 -2,
558 1709 627 1780 668,
648 1713 750 1765 aarum
768 1707 891 1781 formem
909 1705 992 1765 Pout.
1011 1712 1087 1783 a,1,
1105 1714 1160 1771 lit

57 1809 163 1878 petest.
179 1810 273 1859 tasum
297 1803 380 1860 etiam
404 1801 494 1859 aliter.
533 1799 705 1857 Liberalibus
724 1805 754 1875 3,
773 1803 830 1858 713
849 1818 911 1878 sqq.
932 1801 1038 1859 iterum·
1050 1802 1162 1864 masau
1211 1830 1217 1837 ·

58 1892 181 1955 Ouidius
198 1912 306 1953 eaerum
326 1895 467 1972 publicum
485 1895 601 1971 eiusque
619 1895 771 1968 rationem,
794 1894 834 1977 de
853 1911 909 1971 qua
927 1912 980 1952 nee
998 1894 1069 1953 alibi·
1080 1898 1161 1973 quin·¹

57 2004 144 2064 quam
165 1987 231 2064 legi.
270 1988 385 2046 Seruius
405 1986 515 2047 ad'eol.
537 1989 568 2062 5,
584 1990 638 2046 292
658 1992 719 2046 Heu
737 1995 831 2064 operte
848 1986 888 2047 ud
907 1989 1056 2047 Gaesarem
1072 1991 1161 2065 perti-

59 2087 122 2153 aet,
142 2099 223 2157 puer
240 2088 351 2140 5555151
368 2085 490 2162 priuatae
507 2099 591 2140 auae
609 2078 704 2140 Liberi
721 2084 813 2159 putria
830 2081 1008 2164 transtulisse
1027 2084 1163 2157 Remum

59 2175 155 2233 neseio
175 2185 310 2252 quantum
328 2173 394 2233 fidei
414 2184 563 2233 mereatur.
592 2174 675 2251 Toga
694 2175 782 2232 libera
800 2192 834 2233 eo
853 2173 898 2232 die
914 2173 988 2231 sumi
1005 2171 1088 2233 solita
1103 2188 1164 2239 rma
1259 2219 1262 2227 ,

59 2269 163 2325 attinet
181 2267 217 2329 ad
236 2286 345 2325 saonem
363 2269 521 2346 publicum,
540 2269 587 2339 ιιὶιι
606 2267 678 2324 adeo
697 2266 783 2339 illud,
802 2264 879 2341 quod
896 2265 933 2323 de
952 2267 1049 2324 auibus
1067 2267 1164 2338 Libeii

60 2359 254 2419 aoerdotthus
271 2381 335 2419 eum
354 2362 416 2419 libis
427 2373 466 2420 et
484 2360 579 2418 seculo
598 2379 651 2436 per
669 2359 802 2438 oppidum
820 2358 980 2434 sedentibus
999 2361 1089 2423 Verre
1109 2361 1162 2421 ba·

60 2454 150 2512 bert
171 2455 191 2512 l.
211 2457 241 2528 6,
262 2456 312 2529 14,
330 2474 387 2532 quo
407 2454 570 2513 referendus
589 2465 632 2512 est
649 2453 841 2511 Tertullianus
861 2455 974 2532 apolog.
993 2473 1019 2513 e.
1032 2457 1085 2512 422
1104 2470 1163 2517 eost

59 2550 92 2607 ist
103 2547 213 2625 publico
224 2546 401 2608 Liberalibus
416 2547 564 2618 dieamtbu,
585 2557 612 2606 et
626 2546 706 2606 »unde
719 2546 897 2625 explicandus
916 2555 1001 2625 poeta
1020 2566 1048 2609 5.
1058 2550 1115 2606 761
1123 2574 1166 2607 -κ,
1248 2592 1252 2607 .

60 2643 131 2700 767.
168 2640 336 2717 Peculium,
357 2643 407 2700 nisi
425 2642 525 2716 fallor,
545 2642 679 2701 Romanis
697 2642 855 2719 superstitio
873 2640 1163 2723 duleiaeunseerandi

60 2734 184 2808 Libero,
203 2752 277 2813 quae
295 2735 404 2793 inimica
423 2745 488 2793 sunt
508 2736 592 2809 nino,
620 2733 676 2792 uid.
697 2734 822 2792 Meurub.
841 2744 893 2792 sat.
912 2737 943 2807 7,
962 2737 994 2809 ’,1,
1012 2735 1164 2807 55555555

62 2828 210 2906 uesdgmm
228 2837 306 2886 extat
324 2831 353 2886 iu
371 2830 455 2886 saeris
474 2829 572 2886 Ranae
592 2827 678 2901 deae,
704 2845 767 2885 eum
785 2847 835 2886 uas
854 2829 991 2887 uinariuiu
1010 2830 1167 2891 mellarium

60 2932 252 3000 nuncupatur,
270 2922 358 2980 Maur.
380 2927 407 2993 1,
426 2928 473 2996 12,
492 2942 523 3000 p.
536 2926 601 2980 172.
640 2921 717 2979 Festi
736 2923 838 2980 lemma
855 2940 884 2997 p.
895 2926 1015 2996 618,-26
1033 2923 1087 2982 aiu.
1105 2941 1169 2985 note

61 3025 193 3092 spectare
207 3014 244 3074 ad
256 3015 406 3089 Liberalia,
428 3018 469 3074 uti
481 3016 624 3092 Scaligero
640 3015 742 3089 naum,
762 3024 837 3075 reete
855 3026 998 3074 samatus
1016 3025 1060 3075 est
1072 3017 1170 3080 Mueld

60 3109 149 3168 lerus.
187 3108 232 3167 De
252 3108 425 3177 Liberalibus
451 3112 558 3167 rusticis
577 3108 669 3168 Seruii
688 3109 781 3166 locum
798 3126 883 3185 supra
902 3106 1071 3184 indicabam
1094 3110 1170 3173 altere

63 3214 128 3259 'rum
145 3203 291 3279 Augustini
309 3218 372 3259 eum
385 3203 519 3260 uberiore
537 3202 573 3260 de
591 3201 633 3259 bis
652 3202 736 3259 saeris
749 3201 935 3278 disputatione
953 3200 1083 3261 inuenies.
1092 3201 1172 3281 lulla

62 3294 134 3353 libro
161 3295 199 3353 de
224 3296 283 3353 deis
307 3295 426 3354 selectis.
466 3294 549 3362 Quae
569 3294 687 3353 Ouidius
710 3294 775 3353 iude
795 3312 815 3369 a
833 3312 916 3351 uersu
935 3296 992 3353 727
1013 3303 1110 3354 narrat
1128 3294 1168 3362 da

63 3390 138 3446 omui
149 3389 214 3461 ¹ritu
232 3378 432 3446 sacrificiorum
451 3404 469 3445 a
488 3388 592 3446 libero
611 3396 779 3461 nomento,
799 3387 839 3444 uti
857 3387 979 3464 loquitur
997 3402 1026 3447 u.
1045 3387 1171 3464 785-(55,

62 3479 218 3540 seeundum
237 3500 301 3540 eum
322 3482 444 3557 Tertull.
464 3481 529 3539 adu.
549 3482 720 3539 Marcionem
739 3485 759 3536 2
775 3500 809 3558 p.
823 3481 880 3538 149
898 3480 971 3539 Pare
997 3480 1069 3558 quod
1086 3485 1171 3566 prise

63 3573 235 3633 domicilium
256 3574 362 3634 bomiri
380 3583 564 3635 commentare
583 3576 622 3646 (1.
643 3573 814 3645 commotio)
834 3577 913 3647 est),¹
927 3592 976 3633 ea
996 3574 1057 3651 ipse
1070 3583 1173 3652 poeta

64 3667 127 3725 mibi
148 3680 322 3731 commeatus
341 3687 402 3727 esse
413 3668 532 3726 uidetur
551 3686 586 3726 ex
605 3666 659 3724 ritu
681 3666 846 3744 illu.ipositis
864 3662 1173 3742 foculissaorifioandip

64 3776 99 3817 ex
115 3759 340 3819 suffimentorum
359 3763 466 3839 patria,
490 3781 526 3818 ex
548 3779 649 3837 graeco
668 3750 832 3836 θριάμβου
857 3761 1037 3837 significatu„
1053 3758 1091 3819 de
1108 3778 1175 3837 qun.

64 3851 128 3910 uide
147 3852 266 3912 Riitberi
285 3856 492 3914 annotationem
511 3852 549 3910 ad
567 3852 639 3927 Lyd.
652 3851 789 3911 demens.
809 3872 839 3930 p.
852 3855 888 3915 4:
907 3871 972 3912 eum
991 3854 1064 3915 euim
1082 3866 1173 3929 graev

66 3962 128 4002 cern
147 3946 331 4022 significatum
356 3966 419 4006 eum
446 3964 562 4004 romano
581 3946 622 4003 ita
639 3946 874 4021 conciliauerunt,
900 3945 1009 4024 siquid
1028 3946 1166 4022 suspicor,

66 4049 167 4112 poetae
189 4038 293 4099 Ouidio
315 4040 402 4119 paulo
430 4041 611 4113 uetustiores,
637 4048 668 4096 ut
692 4037 876 4117 tbriumpbari
900 4039 1026 4099 dicerem
1051 4056 1125 4117 quae
1148 4054 1183 4121 ⁸¹.
1218 4080 1220 4085 ,

67 4129 221 4191 furentibus
244 4134 359 4193 babebis
380 4140 620 4212 expugnarentur:
647 4132 750 4211 bouem
773 4131 799 4190 si
819 4130 997 4211 lacerarunt,
1020 4130 1052 4193 id
1076 4142 1172 4208 genus·

103 4241 151 4299 ua
162 4243 342 4305 rearemteg.
894 4223 926 4284 bl
1206 4219 1207 4222 ’
