2550 4574
144 253 249 303 mut
625 250 755 300 venans

144 414 178 468 nt
195 405 308 468 Verrius
324 402 441 483 mepte,
459 402 563 463 Vinire.
600 403 812 484 Vtroquanero
829 405 859 464 is
876 403 925 465 die
942 420 1028 465 cosm
1044 412 1156 469 unum
1176 424 1240 487 pro-
1262 418 1274 457 t

144 503 226 561 basse
243 501 394 560 Vononem
419 496 594 556 manifestum
617 506 679 575 est,
705 496 832 558 simodo
854 516 910 556 non
928 498 1086 576 ignorauit,
1109 498 1191 577 quot
1206 516 1237 559 er
1261 516 1264 549 :

145 596 232 659 Penio
246 594 331 652 Festo
349 590 441 649 reddit
452 591 613 662 Muellerus,
630 592 715 671 idque
733 594 770 651 sb
790 591 955 669 etymologia
972 608 1029 649 noo
1047 598 1093 665 est
1109 590 1233 651 alienum
1260 634 1265 643 ·

144 688 203 747 ism
220 686 279 744 siun
302 693 378 743 recte
396 684 528 744 indicnnit
545 684 653 760 Varro,
672 687 750 761 sine,
766 684 843 765 quod
862 684 922 744 eius
938 680 1039 743 editori
1055 684 1167 763 piacet,
1183 704 1231 745 nm
1257 704 1263 735 ι

143 788 220 840 recte
236 789 267 837 et
282 778 396 853 frustra,
415 789 520 838 metum
538 787 582 838 est
599 787 709 838 ueteres
723 780 801 857 ,ipsos
815 776 956 837 dubitem
972 777 1002 835 in
1019 775 1074 835 hnc
1092 796 1136 855 re,
1154 787 1230 857 ntqee
1255 824 1260 833 .

143 873 207 933 irinc
224 871 433 931 inconstantiam
450 872 479 930 in
498 872 569 931 notis
588 872 620 931 iis
637 870 735 931 diebus
754 870 888 931 addendis
906 880 995 931 osum
1010 872 1229 933 existumem

143 977 237 1027 tamen
253 967 283 1023 in
301 965 438 1043 prioribus
455 963 530 1023 feriis
551 982 607 1044 quo
625 965 712 1043 magi
730 962 892 1038 considero,
918 981 954 1023 eo
977 962 1044 1022 mint
1059 965 1173 1023 rectim
1189 966 1229 1023 in-
1255 991 1275 1012 ·

141 1060 249 1120 dicasse
266 1059 357 1118 Varro
383 1058 501 1117 uidetm.
545 1057 661 1115 Certum
687 1067 731 1117 est
753 1058 814 1117 eius
838 1065 932 1117 aetate
955 1074 984 1115 a.
1000 1055 1032 1115 ti.
1048 1058 1152 1117 lxxt’
1169 1058 1228 1119 iii.
1268 1101 1275 1106 ..

141 1171 253 1214 suanm
270 1151 382 1228 publice
399 1151 504 1209 nullum
522 1149 627 1209 fectum
645 1170 722 1211 esses
739 1150 818 1209 lonis·
831 1150 938 1227 nulium
952 1160 1162 1229 mmmemornt,
1179 1168 1231 1212 mc·
1263 1154 1265 1169 ²

142 1244 439 1321 contemperatum
460 1252 539 1317 erat,
566 1262 619 1301 nec
643 1243 804 1319 oiimfieri,
830 1243 948 1321 opinor,
973 1246 1141 1305 consueuit·
1166 1246 1233 1303 inte

141 1338 221 1399 suam
241 1346 362 1396 amtem
381 1337 497 1395 Veneris
524 1336 610 1393 ullum
635 1336 721 1395 tonse
744 1337 864 1413 negabat
889 1356 953 1397 curn
971 1332 1085 1397 Cincior
1110 1336 1150 1399 sle
1165 1336 1232 1398 nne
1267 1373 1275 1386 ψ

142 1430 276 1493 menius
295 1430 462 1508 comperisse
481 1428 609 1505 uidetur,
632 1437 662 1488 et
681 1448 732 1488 cur
747 1429 776 1487 id
795 1431 861 1489 oiim
878 1430 907 1489 in
927 1450 977 1489 uso
994 1431 1096 1507 inerit,
1123 1430 1233 1511 pertitus

141 1522 369 1602 abrogationes,
387 1532 480 1603 potest
497 1512 623 1580 diuionti.
662 1521 799 1583 Nimirum
818 1532 966 1602 antequam
984 1526 1071 1583 Floro
1089 1526 1163 1585 crim
1180 1534 1232 1599 ut,
1268 1554 1273 1589 2

139 1618 180 1679 (ie
198 1619 281 1676 rebus
298 1617 473 1677 florescendis
491 1616 596 1694 iupiter
613 1617 777 1693 cognomine
794 1616 940 1693 Fugite,
967 1616 1072 1695 ippni.
1087 1618 1127 1677 de
1144 1617 1237 1679 munds

140 1714 237 1793 pm
257 1710 346 1785 oon,
366 1711 432 1769 eine
451 1728 513 1767 curn
533 1709 679 1786 Hartuogo
697 1709 862 1786 Frcpifsru's
879 1708 1012 1769 dicendm
1034 1720 1088 1787 est,
1105 1712 1237 1791 impiere·¹

142 1808 236 1880 mim,
255 1804 380 1883 inprimis
393 1803 545 1875 vinalibus,
563 1818 624 1860 mm
641 1804 673 1860 e·
689 1820 739 1880 φο
755 1806 824 1862 otas
840 1809 910 1863 en.
948 1804 993 1862 ua
1008 1822 1076 1863 mn
1090 1814 1236 1885 poaque
1267 1792 1272 1819 ¹

139 1899 244 1959 Florae
262 1897 395 1972 mandati,
415 1894 504 1956 octor
520 1896 551 1968 5,
570 1896 637 1965 264,
656 1898 725 1969 269,
744 1900 813 1970 32³,
832 1897 916 1974 eique
932 1912 1045 1955 secum
1059 1897 1124 1957 fleri
1142 1900 1237 1977 quinto
1274 1957 1275 1960 ,

141 1993 322 2054 n'Viualibus
340 1990 386 2049 die
404 1989 496 2066 coepit
513 2006 588 2046 anno
606 1988 643 2046 V.
664 1990 708 2047 C..
718 1989 787 2063 516,
806 1989 843 2046 ab
860 2006 896 2047 eo
913 1990 979 2048 inde
994 1998 1126 2069 tempore
1142 2010 1238 2071 qnem-

140 2086 293 2147 ndmodum
312 2083 444 2142 memoria
463 2080 570 2158 pristini
596 2080 668 2139 socri
692 2079 727 2161 qd
754 2090 902 2159 utrumqne
926 2102 1028 2143 nomen
1052 2086 1188 2163 applicari
1209 2094 1239 2147 et

141 2181 259 2245 Veneris
277 2178 367 2237 cultus
385 2186 534 2253 utrumque
552 2173 625 2233 diem
652 2191 789 2248 occupare
812 2177 951 2251 potuerit,
975 2180 1141 2256 praesertim
1159 2190 1238 2241 onte·

140 2292 226 2353 quam
243 2270 412 2349 grammatici
429 2270 472 2327 ius
488 2268 660 2346 pontificium
678 2264 899 2333 montetenso
918 2271 1001 2347 uulgo
1021 2273 1175 2348 aperirem,
1192 2272 1239 2332 in·

124 2361 210 2440 ὥ,
228 2375 261 2422 ut
278 2373 368 2441 puto;
384 2363 554 2439 intelligitur.
593 2361 679 2417 'runc
696 2370 790 2423 autem
809 2369 901 2425 actum
919 2371 963 2421 est
980 2362 1018 2422 de
1035 2364 1133 2423 hurum
1150 2365 1244 2425 terim·

140 2477 204 2516 mm
221 2457 401 2515 sanctimonia
418 2466 448 2513 et
466 2455 528 2517 sine
545 2453 638 2517 dubio,
649 2453 754 2530 optimo
779 2456 840 2513 iure
858 2455 971 2514 Verrius
990 2456 1128 2533 pmonirns
1145 2458 1240 2519 vines

139 2550 213 2613 libus
230 2550 274 2607 ias
292 2567 353 2607 esse
371 2547 489 2624 scripsit.
526 2547 628 2604 Simili·
639 2546 723 2603 mudo
748 2547 851 2625 ntiquid
868 2548 1041 2621 inminutum
1058 2568 1123 2609 esse
1138 2550 1168 2611 in
1186 2564 1240 2631 poi

139 2645 286 2705 steriorum
304 2642 443 2699 Vinaiium
464 2640 614 2716 religione,
637 2657 701 2701 cunt
719 2640 971 2717 signentur-F.P‚
998 2644 1238 2725 qualecunqneid

138 2747 201 2808 est,
220 2735 296 2815 quod
313 2735 467 2803 indicatur,
493 2733 647 2811 suspiceris.
686 2734 807 2793 Causam
826 2736 885 2793 mars
903 2745 988 2795 notae
1006 2746 1035 2796 et
1053 2738 1132 2817 quod
1149 2739 1237 2799 Vnmn

65 2898 68 2903 ¹
138 2834 171 2907 ti,
189 2834 229 2888 20
248 2848 333 2887 unum
351 2827 468 2886 Veneris
494 2828 644 2903 templum,
671 2827 783 2885 Verrius
800 2827 863 2886 loco
879 2828 939 2887 iud.
958 2828 1015 2888 duo
1033 2840 1144 2889 sarram
1162 2832 1236 2909 dicit,

137 2924 223 2985 medo
238 2942 323 2981 unum
338 2939 399 2981 esse
413 2928 442 2978 et
456 2918 584 2977 modom.
613 2918 644 2977 td
661 2920 806 2997 tempium,
823 2920 899 2998 quod
913 2920 1070 2981 dedicatum
1082 2925 1125 2983 nit
1136 2924 1237 2999 Vana,

137 3018 223 3079 medo
238 3017 336 3090 inisse,
355 3014 434 3071 cuius
450 3012 540 3070 locum
554 3011 578 3067 F
579 3019 654 3070 estus
667 3013 706 3071 oti
722 3015 832 3073 (iimcc
844 3002 999 3073 monicum
1015 3016 1128 3075 indicet.
1155 3018 1237 3077 Com·

136 3111 284 3172 memorari
310 3118 452 3188 postremo
479 3104 554 3182 apud
573 3104 691 3165 Liuium·
711 3106 822 3167 uidetur
839 3109 889 3181 29,
908 3110 948 3167 et
972 3127 1047 3167 anno
1066 3109 1104 3169 V.
1115 3110 1153 3169 C.
1170 3110 1236 3171 iii.

136 3202 213 3261 Nihil
231 3204 314 3279 igitur
331 3204 445 3276 obstat,
465 3198 610 3278 quominus
631 3197 726 3258 Ouidii
744 3210 837 3259 aetate
854 3201 963 3279 pridem
981 3202 1135 3280 collapsum
1153 3212 1240 3283 pitit-

136 3303 203 3355 turs
229 3314 294 3353 nam
312 3295 387 3371 qood
415 3295 444 3351 in
462 3292 619 3370 irsgnrento
640 3292 857 3370 Capranioorum
874 3292 1029 3364 indicetur,
1053 3294 1084 3353 it
1102 3296 1235 3355 mnistin'o

135 3406 226 3463 more,
244 3396 276 3445 ut
290 3389 459 3464 saepissime,
476 3387 518 3444 fit.
555 3388 612 3445 Ista
630 3385 714 3462 igitpr
729 3403 813 3445 cama
828 3396 882 3459 est,
900 3388 977 3465 qnod
989 3388 1087 3447 tabula
1097 3388 1236 3449 iteum

130 3490 232 3543 -notnm
251 3478 303 3537 NP
324 3499 380 3538 non
398 3482 515 3558 apponit
535 3479 678 3537 vinalibus
696 3478 762 3538 xiv
777 3480 825 3537 ΚΡ
840 3480 921 3558 Sept.
960 3481 1086 3539 Alterum
1103 3482 1230 3560 templu

134 3590 155 3631 a
172 3572 271 3631 Verrio
291 3572 422 3630 nuditum
443 3570 535 3632 Varro
552 3572 673 3644 omittit,
692 3570 742 3629 sed
761 3580 868 3631 tantum
886 3574 971 3633 ferias
989 3572 1141 3633 holitorem
1158 3587 1229 3633 eom-

135 3672 280 3725 memorat.
325 3665 409 3742 Atqui
436 3665 508 3721 inter
531 3682 580 3723 cas
606 3664 815 3722 hortulancmm
840 3666 923 3726 ferias
950 3677 979 3726 et
1003 3667 1102 3744 tempii
1125 3666 1226 3727 citui!

21 3782 27 3793 ·
136 3755 338 3815 dedicationem
365 3756 581 3835 aliquidnexus
612 3757 799 3816 intercessisse
824 3757 907 3817 docet
931 3759 1007 3817 Festi
1035 3758 1137 3817 uocis
1161 3760 1225 3835 quit.
1270 3750 1274 3757 ’

136 3846 219 3924 Nego
238 3858 331 3906 tamen
350 3847 541 3927 quaerendum
557 3865 630 3921 esse,
650 3866 700 3904 cur
714 3850 803 3907 Varro
823 3854 955 3930 temptum
974 3851 1106 3919 emnerii,
1125 3850 1226 3911 sedet
1270 3914 1273 3919 ,

135 3938 220 3999 ferias
238 3940 403 3999 adhibuerit.
433 3940 467 3999 ld
487 3958 553 3999 uero
574 3958 632 3997 non
649 3938 788 4000 facturum
807 3960 870 4001 eum
887 3943 973 4002 inisse
986 3962 1100 4018 censeo,
1119 3944 1226 4003 nisisns
1264 3997 1275 4014 ‚

136 4033 191 4089 inm
209 4042 301 4090 aetate
320 4031 356 4091 de
373 4033 404 4091 iis
423 4031 518 4107 feriis,
544 4033 621 4090 cuius
647 4044 759 4110 essent,
783 4038 973 4095 controuersia
989 4036 1097 4095 fuisset.
1136 4036 1227 4114 Neque

128 4125 209 4187 :mm
227 4126 299 4184 solet
322 4125 422 4202 ienae,
446 4142 521 4205 quae
547 4126 631 4185 totius
649 4128 746 4207 populi
764 4146 821 4189 non
840 4138 939 4206 erant,
962 4129 1121 4207 explicares
1149 4130 1226 4205 §.it
1250 4182 1263 4221 ι.

1246 4298 1262 4365 'i
