2550 4574
545 269 660 326 cuum
725 328 728 333 ,
1085 277 1166 328 009·

54 391 125 492 15551
143 427 321 508 5155551115,
340 435 371 487 et
389 425 457 488 Sdio
477 428 539 492 ltal.
558 400 675 506 51815
698 427 763 502 Qus
780 428 905 489 8515555
920 424 1050 489 55551555
1067 429 1154 509 potas

55 530 214 602 mslopnct.
252 524 391 580 Graecam
409 523 623 600 appellationem
649 540 750 581 censeo
775 520 898 580 additam
918 520 1019 580 Latino
1036 523 1154 600 numiui,

55 619 182 677 155155515
200 617 252 695 ipsi
271 615 396 674 Faunae.
434 615 565 694 Namque
589 615 673 694 paulo
700 615 815 693 propius
834 615 1015 692 Campaniam
1033 615 1153 675 ltinrur·
1232 688 1234 697 ἲ

56 712 98 770 uia
117 711 233 769 latinum
253 724 305 786 par
323 705 437 765 deorum
456 706 532 786 apud
550 709 695 785 Virgilium
714 713 783 767 Aen.
801 709 832 781 7,
846 708 884 763 47
902 706 1019 765 traditur
1035 708 1152 770 Faunus
1241 708 1243 719 ¹

57 813 86 861 et
103 802 213 860 Marica
230 809 260 859 et
286 801 369 877 paulo
395 801 509 878 propios
528 800 647 860 Romam
666 801 779 860 Circeiis
796 800 877 858 Circe
894 799 984 858 Fauni
1003 811 1091 861 mater
1108 811 1153 862 551
1228 840 1234 857 r

57 893 255 972 superinducta
269 893 340 953 deae
358 891 470 968 latinae,
490 910 563 970 quae
581 894 669 971 qualis
683 894 718 952 sit
730 893 851 972 disputat
863 891 1025 955 Clamenius
1043 896 1152 972 pltat.

57 988 185 1065 Vtraque
203 985 258 1045 dea
276 1004 339 1044 cum
360 1003 478 1045 uenerea
496 994 526 1045 et
544 986 620 1044 molli
639 985 732 1045 indole
749 985 876 1044 tradatur
892 987 968 1065 apud
985 986 1068 1048 Seru.
1080 991 1150 1051 Aeo.

59 1085 89 1158 7,
109 1083 234 1156 19547,
254 1098 309 1138 555
328 1087 371 1138 est
389 1079 481 1137 illicita
499 1079 658 1138 coniectura
675 1077 705 1137 id
723 1077 895 1139 Graecorum
913 1078 999 1139 luisse
1020 1080 1151 1144 iudicium

60 1184 88 1232 et
112 1173 280 1252 pertinuisse
304 1173 387 1232 etiam
415 1171 452 1230 55
469 1170 608 1248 Satyrum.
647 1173 745 1251 ltaque
768 1189 841 1250 quae
863 1172 1015 1248 anguibus,
1040 1175 1152 1249 uitilrur,

60 1269 124 1326 uino
151 1266 308 1325 indicantur
333 1263 451 1324 docente
476 1267 588 1342 egregie
607 1265 754 1325 Clamauio
778 1284 808 1344 p.
824 1265 880 1324 85²
906 1282 972 1324 aun.
991 1268 1151 1330 18175511.

59 1380 89 1438 p.
105 1364 161 1418 151
180 1358 248 1435 ima,
266 1377 297 1436 p.
309 1357 377 1432 853,
391 1357 460 1432 854,
485 1356 585 1436 frigida
604 1358 830 1438 interpretatione
852 1357 889 1416 ad
908 1360 1049 1438 propriam
1067 1361 1153 1423 fabu-

59 1453 114 1511 1555
133 1450 223 1510 relata
242 1459 313 1509 teste
330 1449 472 1509 Macrobio
498 1450 574 1528 apud
594 1451 689 1511 Claus.
708 1470 738 1531 p.
751 1451 807 1510 851
827 1455 1015 1530 55516115,
1034 1453 1088 1515 lroo
1106 1475 1154 1517 ar·

59 1552 220 1623 gumeutum
238 1543 363 1602 exiotlum
381 1544 473 1621 graeci
490 1544 562 1602 sacri
579 1543 675 1620 151555,
693 1544 771 1603 55155
783 1545 940 1604 ceremoniis
955 1547 1027 1606 sacri
1044 1551 1153 1611 romani

59 1638 185 1698 1515151155
201 1645 245 1696 est
261 1637 437 1716 interpolata.
476 1636 565 1695 Video
580 1637 756 1698 uramentum
776 1656 807 1716 p.
816 1639 872 1698 851
885 1638 1004 1699 'tronus
1017 1640 1152 1704 Hercula·

60 1747 150 1806 ueae,
174 1747 250 1808 quae
271 1728 346 1807 apud
365 1729 539 1807 Propertium
558 1730 589 1806 5,
608 1732 628 1789 9
652 1731 798 1791 coniuncta
816 1740 859 1790 est
876 1750 939 1790 curn
957 1751 1037 1793 sacru
1054 1734 1153 1801 Bonae

59 1822 309 1901 deae,·uertigium
328 1821 451 1881 iudicare
470 1822 593 1883 Crotone
610 1841 646 1882 ex
664 1823 806 1884 Athenaeo
826 1826 873 1898 10,
891 1842 921 1901 p.
931 1824 988 1883 441
1007 1846 1126 1895 somma.

137 1916 344 1975 Tiberinum
364 1933 477 1993 quoque
494 1933 529 1974 ex
545 1926 693 1977 stemmate
710 1936 807 1996 regom
819 1917 982 1977 Latinorum
999 1920 1082 1982 deum
1101 1945 1153 1986 uo-

59 2011 101 2070 uit
118 2009 222 2083 Varro,
242 2006 307 2066 uide
325 2006 362 2066 55
381 2007 435 2066 11.
454 2008 483 2079 5,
497 2013 552 2070 105
571 2013 701 2090 5551551
721 2010 839 2070 11555155
856 2013 977 2089 55155551
993 2032 1090 2076 nomon
1108 2018 1154 2080 15·
1259 2062 1262 2066 -

60 2105 151 2162 115555
168 2100 300 2160 5115111555
316 2103 467 2160 mnarum
485 2102 585 2163 littorio
602 2102 791 2180 trodidmrat,
814 2107 953 2180 pastorias
969 2115 1080 2185 proptor
1100 2115 1154 2172 n.
1176 2143 1179 2148 .
1259 2128 1262 2133 ⁴

59 2196 186 2257 55515551
207 2213 297 2271 rapam
314 2197 482 2254 1511551555
507 2202 663 2272 matonam,
689 2195 763 2274 quod
786 2195 824 2255 111
845 2199 992 2271 introierim
1015 2217 1084 2260 nom
1100 2203 1152 2265 155

59 2294 132 2366 5155,
150 2295 183 2346 ot
199 2286 322 2358 1555551,
340 2286 503 2366 copularctur.
531 2288 597 2348 Nou
615 2287 734 2348 15515555
752 2307 846 2366 regern
857 2290 993 2350 Albanum
1007 2293 1152 2375 intellexit,

60 2384 119 2444 05.
142 2385 173 2457 4,
192 2382 241 2456 47,
265 2381 347 2439 sier
372 2382 432 2439 5155
456 2383 594 2441 sententia
618 2382 732 2440 Seruius
757 2383 793 2441 ad
812 2385 883 2444 Aen.
902 2387 933 2458 8,
950 2390 1006 2444 911
1028 2389 1153 2467 scripsitt
1249 2382 1254 2389 ’

61 2479 131 2556 quio
146 2466 231 2534 ctidm
254 2479 318 2534 5515
335 2473 437 2533 Allom
459 2473 565 2534 1155515
589 2473 678 2533 dun
702 2476 850 2536 iaoaaitor.
887 2476 957 2535 lllnd
976 2479 1154 2560 5555551555

60 2570 184 2651 pertinet
207 2568 332 2626 lonensis
356 2567 393 2627 ad
412 2567 506 2626 Ouidii
531 2568 621 2627 locum
641 2584 704 2626 enm
729 2568 936 2644 illustrandum,
961 2590 1044 2648 quem
1067 2594 1154 2655 supra

60 2665 142 2742 attigi
166 2682 196 2743 p.
213 2679 337 2722 oxnrrr.
381 2662 485 2720 ibidem
510 2662 601 2722 Seruii
627 2663 762 2729 1555555
787 2663 872 2720 sacris
895 2662 1019 2722 Tiberini
1043 2668 1154 2742 publice

61 2759 144 2818 lactis
161 2756 326 2815 iudicabam.
354 2756 594 2814 Commemoratur
610 2756 646 2815 ab
665 2754 766 2815 Ouidio
777 2762 809 2831 2,
818 2758 894 2831 ³873
911 2758 943 2832 5,
952 2757 1025 2834 615;
1044 2762 1153 2834 5105,
1257 2776 1261 2785 =

65 2849 234 2913 masadda
259 2847 472 2908 introducuntur
488 2854 520 2924 2,
541 2849 616 2925 595,
642 2849 719 2909 cuius
744 2858 859 2928 propter
883 2848 1001 2911 formam
1024 2855 1151 2930 nominis,

62 2949 226 3026 praesertim
245 2942 274 3000 iu
293 2943 477 3020 graecissante
495 2942 602 3018 fabula,
621 2961 649 3002 5.
663 2944 720 3002 599
738 2943 813 3002 edidi
828 2941 932 3002 Alrooo
950 2961 985 3003 ex
1004 2963 1058 3004 ono
1076 2956 1152 3009 certe

64 3037 179 3118 egregio
198 3036 281 3112 libro,
301 3037 404 3112 4,157
421 3035 534 3095 latinam
552 3036 770 3096 terminationem
789 3034 894 3093 admisi.

140 3131 301 3204 luturna,
320 3126 498 3205 05.1,463,
518 3126 670 3187 carluil
689 3130 831 3207 propriam
842 3145 942 3186 555155
959 3128 1077 3206 dicatur,
1097 3150 1153 3193 nou

64 3224 207 3306 perspexit
226 3221 387 3281 clamentur
413 3241 480 3282 aon.
501 3225 585 3281 1811.
624 3221 716 3301 lpsnm
741 3237 841 3280 nomen
866 3240 929 3280 cunr
947 3220 1006 3282 deis
1022 3221 1154 3302 indigita-

63 3328 220 3379 mentorum
238 3315 376 3375 nonnullis
395 3314 480 3375 lrabet
498 3314 702 3375 similitudinem
721 3323 750 3372 et
767 3315 796 3372 in
815 3315 885 3374 libro
904 3315 940 3374 de
959 3317 978 3374 Ι.
997 3315 1018 3379 Ι.
1037 3317 1067 3393 5,
1079 3321 1115 3376 71
1135 3337 1154 3381 5
1230 3320 1233 3329 ’

63 3409 187 3472 iuuaodo
207 3408 366 3484 deducitur,
384 3409 495 3486 quicum
514 3409 689 3467 consentiunt
707 3424 779 3484 quae
796 3409 872 3487 apud
891 3408 1020 3469 Seruium
1033 3411 1068 3470 ad
1083 3415 1153 3473 Aen.

16 3540 21 3551 ,
65 3512 112 3577 12,
127 3506 185 3564 139
203 3503 342 3580 leguntur.
380 3501 469 3559 Huius
494 3501 650 3559 testimonio
672 3497 865 3576 distinguenda
888 3511 953 3563 suot
978 3502 1041 3563 lons
1064 3524 1155 3584 prope

62 3595 211 3655 Lauinium
235 3603 265 3655 et
289 3593 436 3652 Numicum
465 3593 579 3651 fluuium
605 3600 634 3650 51
659 3592 790 3651 sacellum
817 3613 834 3654 a
858 3595 972 3656 Lutatio
998 3599 1098 3658 Catulo
1126 3600 1155 3658 iu

65 3708 166 3768 campo
183 3687 287 3747 Martio
306 3696 478 3763 extructum,
504 3696 536 3745 ot
554 3685 716 3746 Clauseniuo
734 3696 833 3764 putat,
856 3700 973 3769 propter
995 3695 1084 3770 aeque
1106 3709 1156 3751 ra·

65 3782 152 3842 lubria
176 3799 268 3860 aquae
291 3782 433 3839 inuentam
452 3797 569 3857 uenam,
594 3797 612 3838 5
635 3779 698 3837 1555
715 3778 865 3858 Iuturnae,
890 3783 1001 3862 dequo
1020 3774 1105 3864 supra
1123 3804 1154 3864 p.

66 3892 198 3935 cmm
222 3882 467 3935 commemoratum
492 3883 544 3932 551.
581 3876 662 3950 Aqua
678 3872 764 3950 Virgo
789 3893 855 3934 uum
877 3876 1036 3936 ullomodo
1055 3877 1156 3936 adlu-

66 3975 177 4025 turoam
195 3966 348 4043 pertineat,
366 3962 599 4045 quemadmodum
617 3963 783 4026 Clauaenius
801 3969 933 4045 coniecit,
952 3989 1008 4029 non
1026 3969 1169 4030 dixerim:-

65 4058 127 4119 fieri
150 4057 180 4118 id
198 4056 343 4119 5155555
367 4059 498 4120 tuendam
523 4057 560 4116 de
577 4059 657 4118 5555
674 4057 802 4120 Perenna
818 4062 990 4122 sententiam.
1027 4062 1060 4121 ld
1080 4082 1157 4122 com-

66 4161 274 4214 5555155555
297 4150 441 4222 coutamur
463 4150 501 4213 ad
524 4149 648 4213 tabulam
667 4149 833 4215 Ouidianum
850 4154 1074 4232 2683-604,
1099 4171 1156 4236 qua
1192 4158 1197 4180 ’·
