2550 4574
143 237 268 297 cmlii
600 234 645 285 DE
665 233 777 287 fldem

142 390 300 467 Ouidianae
321 384 469 465 oesdgium
492 384 569 467 apud
588 385 706 449 Paulum
724 389 878 462 Diaconum
897 385 1043 469 p.11‚ld.
1085 384 1121 445 -ln
1141 385 1244 449 Chari-

140 486 199 561 rtiia
217 504 247 545 ιι.
260 483 318 540 629
334 498 399 539 com
422 480 587 561 scripturam
607 483 773 541 auctoritate
793 479 919 539 ccdicmn
940 488 1088 556 mutarem,
1100 482 1244 542 obuersa·

142 579 224 639 batur
241 575 308 634 mibi
326 574 403 632 locus
421 572 502 633 Pauli
519 573 598 633 Diae.
617 593 647 652 ρ.
662 579 729 650 122,
740 579 769 637 8.
805 576 911 633 ¹Versus
931 573 987 632 636
1006 573 1172 653 scripturam
1191 595 1244 635 no·

139 679 228 735 stram
246 676 278 726 nt
295 665 485 749 rotundioram
503 666 642 745 probabat
658 665 839 727 Schraderus.
878 667 1015 742 Termini,
1035 685 1118 747 quem
1137 668 1245 728 iocula-

140 763 209 823 ritar
222 759 259 820 ad
273 759 390 839 priscam
403 759 537 838 precandi
554 758 702 819 formulam
721 762 780 843 sica
798 759 874 832 daus,
892 762 953 820 aaa
970 759 1032 831 deo,
1052 759 1158 821 Arnob.
1172 766 1203 838 3,
1213 766 1243 836 8,

8 910 17 931 „
138 854 290 935 alloquitur
308 850 426 912 Ouidius
440 859 472 925 2,
485 855 555 936 630,
573 871 683 914 sacrum
701 853 849 932 Dionysius
865 855 930 913 Hal.
945 859 976 928 2,
989 855 1028 911 74
1047 853 1142 931 docet,
1163 865 1196 915 ut
1214 865 1245 917 et

140 948 260 1010 Ouidius
284 945 386 1021 habet,
413 944 555 1025 publicum
579 955 609 1007 et
630 947 770 1031 populare
792 948 897 1007 fuisset·
919 945 969 1006 sed
988 946 1025 1006 de
1046 947 1149 1025 publici
1167 949 1243 1027 loco,

56 1106 57 1111 ,
138 1043 241 1113 secabo
256 1041 292 1100 ad
308 1042 382 1099 uiam
393 1038 601 1110 horenbnam,
619 1059 705 1121 supra
724 1061 753 1120 p.
767 1036 850 1101 oxxr
868 1041 961 1100 nescio
979 1041 1120 1121 quomodo
1134 1061 1180 1102 me
1195 1043 1243 1100 fu·

137 1137 211 1217 parit
228 1133 413 1197 testimonium
428 1133 577 1193 Strabonis
595 1133 626 1208 6,
645 1154 675 1213 ρ.
687 1138 743 1195 372
762 1134 893 1194 Taushn.
931 1135 976 1193 De
1000 1135 1114 1197 ιιίειὶιιιιι
1133 1135 1241 1197 dissen-

137 1231 173 1290 tit
192 1229 310 1291 Ouidius
329 1245 347 1286 a
365 1226 510 1302 Dionysio.
548 1227 593 1287 Do
610 1227 759 1308 Regifugio
777 1247 864 1309 supra
884 1249 915 1307 p.
926 1245 1032 1287 curm
1051 1238 1080 1287 et
1097 1229 1136 1289 de
1153 1229 1242 1307 Equi·

137 1324 183 1383 riis
201 1322 327 1402 proxima
345 1320 435 1399 legisti
460 1337 534 1399 qnae
557 1321 633 1381 noui.
672 1321 806 1381 Kalendis
825 1322 932 1380 Martiis
951 1321 1123 1397 matronales
1139 1321 1240 1396 {crisa

137 1414 299 1495 quaspdicit
316 1412 507 1477 Tertullianus
532 1412 569 1473 de
594 1414 689 1475 idolol.
708 1434 741 1493 p.
749 1414 806 1471 623
826 1415 873 1473 ed.
894 1414 973 1492 Pan,
1000 1435 1057 1475 nou
1082 1415 1241 1495 plenissime

136 1519 249 1577 enarrat
267 1507 397 1568 Ouidius.
437 1508 558 1567 Narrato
578 1506 745 1567 Sabinarum
763 1515 858 1585 rapto,
880 1515 911 1566 et
928 1509 1163 1587 quemadmodum
1182 1510 1240 1587 pri-

136 1621 212 1669 mum
236 1620 319 1680 ponar
336 1609 419 1680 otqrso
437 1620 514 1661 socer
535 1601 606 1666 diris
624 1603 809 1661 εοιιειιιιειιηι
829 1605 934 1677 aarum,
958 1601 1080 1663 Martial.
1100 1604 1132 1677 9,
1145 1605 1196 1679 70,
1211 1607 1240 1678 3,

135 1706 195 1756 tom
215 1678 372 1755 interuentu
391 1705 581 1774 matronarum
602 1705 631 1756 et
649 1695 830 1775 paruulorum
849 1694 968 1757 fantium
993 1705 1023 1754 et
1047 1684 1192 1755 infantium
1211 1698 1241 1755 in

136 1791 254 1870 gratiam
272 1790 423 1865 redierint,
450 1791 552 1868 quain
572 1808 603 1848 ra
621 1807 732 1851 uersum
749 1791 809 1847 224
828 1789 970 1847 tenerrimi
988 1788 1104 1849 affectus
1122 1789 1239 1866 planum

136 1902 193 1949 nnn
206 1882 290 1943 oredo
307 1882 447 1941 difficilem
466 1882 618 1956 intellectu,
638 1881 689 1939 nisi
702 1882 750 1958 qni
765 1882 899 1940 barbarus
918 1883 970 1967 sit:
988 1881 1051 1940 hinc
1068 1882 1151 1960 igitur
1170 1901 1238 1940 con·

136 1975 222 2036 cludit
241 1997 269 2035 u.
277 1978 340 2033 229
359 1993 422 2035 eum
446 1977 536 2054 ipsum
560 1973 653 2049 diem,
678 1993 734 2052 quo
753 1978 889 2053 pamma,
913 1974 933 2033 i.
954 1993 980 2035 a.
1000 1973 1064 2035 olim
1080 1974 1110 2033 id
1129 1984 1239 2053 gestum

134 2070 235 2147 inerit,
261 2087 388 2129 seruasse
413 2071 454 2128 rei
481 2069 651 2127 memoriam.
696 2069 791 2127 Altera
815 2076 860 2127 est
883 2068 1001 2151 suspicio
1027 2088 1055 2127 u.
1069 2070 1240 2127 231-234

135 2162 208 2223 diem
227 2182 283 2223 non
303 2163 435 2222 traditum
454 2181 527 2237 esse,
545 2160 596 2221 sed
615 2161 733 2221 electum
752 2159 819 2219 data
834 2178 922 2238 opera
936 2161 982 2219 nel
997 2172 1114 2240 propter
1133 2162 1241 2221 animo·

134 2276 196 2316 snm
216 2267 404 2316 matronarum
422 2255 540 2331 factum,
559 2255 606 2314 uel
624 2263 741 2334 propter
759 2254 847 2311 lliam.
886 2253 959 2311 Hinc
976 2255 1174 2333 particularum
1193 2273 1240 2313 ra-

92 2416 94 2421 ,
133 2351 174 2409 tio
192 2351 378 2428 intelligetur,
404 2367 474 2427 quas
500 2349 616 2407 mutaui.
654 2348 788 2427 Sequitur
807 2354 908 2425 quarta
926 2364 1010 2405 causa
1030 2346 1107 2427 apud
1125 2356 1239 2426 poetam

134 2460 164 2509 p.
179 2443 357 2519 aaa-244,
377 2460 451 2523 quae
469 2443 520 2500 nisi
538 2441 623 2499 fauor
640 2440 760 2500 indidem
779 2450 889 2519 sumpta
909 2448 963 2515 est,
982 2440 1057 2500 unde
1075 2440 1147 2501 lraeo
1165 2442 1240 2500 Ver·

131 2536 167 2594 rii
185 2536 261 2614 apud
274 2535 387 2593 Festum
402 2554 433 2613 p.
446 2537 515 2607 372,
529 2540 545 2592 1
558 2535 625 2594 aim:
648 2537 763 2607 Verrius,
782 2536 829 2612 qui
848 2535 879 2592 irs
896 2533 975 2593 uillis
991 2552 1056 2594 uera
1073 2537 1145 2606 noti,
1166 2534 1239 2613 aad

117 2620 243 2707 'tempus
267 2625 334 2686 daca
359 2636 468 2688 notura
489 2627 601 2702 sauros
627 2635 683 2687 est:
713 2635 740 2686 ct
766 2635 831 2686 tarro
853 2645 912 2685 ram
936 2626 1061 2687 ᾶὶιιίιιαιιι
1087 2632 1239 2689 butituarit

133 2723 229 2782 Morti
246 2724 344 2780 Narro
365 2721 520 2801 Pompilius
543 2724 622 2801 poois
646 2719 840 2780 concordiores
862 2720 1023 2781 obtinendus
1045 2727 1142 2800 pratia
1164 2725 1239 2793 inter

9 2829 13 2833 ·
133 2814 256 2877 Sanaos
273 2818 483 2893 Rmuoaoaqua,
509 2821 567 2886 „ot
583 2832 688 2874 uersos
706 2817 831 2874 obturent
852 2833 906 2873 aar
923 2818 1090 2876 oramate
1126 2821 1239 2877 Bouro-

133 2929 186 2971 noa
204 2912 276 2970 caim
294 2925 398 2969 moa
416 2906 606 2986 appellabant,
625 2906 656 2968 id
676 2913 717 2966 cat
734 2905 833 2969 ibides
850 2914 942 2980 noba,
961 2927 1030 2986 quos
1047 2913 1155 2973 uiam
1172 2930 1239 2989 par.

131 3006 267 3066 niciorum
285 3001 432 3065 arumna
450 3001 582 3075 Scibis,
610 3005 658 3079 qui
675 3004 812 3061 cooirauti
834 3008 917 3061 ειαιιι
934 3019 996 3061 oum
1012 3005 1048 3061 P.
1067 3008 1108 3063 R.
1147 3005 1237 3064 Huius

131 3099 267 3158 lemmatis
285 3115 352 3176 pars
370 3096 449 3174 priqr
467 3114 525 3155 non
544 3095 618 3165 male
637 3095 768 3155 conuenit
785 3096 879 3153 uerbis
894 3092 1053 3173 Ouidiania,
1071 3099 1144 3156 inter
1164 3114 1237 3175 quae

132 3192 168 3251 de
187 3193 294 3253 militia
308 3197 410 3269 portua
431 3188 557 3249 conferes
582 3187 690 3248 heroid.
711 3191 828 3263 11‚48=
854 3192 893 3247 Et
916 3189 997 3249 radis
1021 3190 1061 3249 nd
1083 3197 1186 3270 portus
1211 3197 1238 3249 ct

131 3304 207 3346 anua
232 3285 310 3344 miles
335 3303 430 3357 araur
462 3284 560 3346 Manil.
577 3287 609 3358 2,
624 3286 679 3340 2οι
704 3281 893 3360 Militiumqua
910 3283 979 3356 soli3
1009 3284 1095 3345 eund.
1110 3286 1146 3360 ’4,
1162 3286 1237 3344 404ι

131 3383 279 3450 Luranius
296 3395 401 3456 qsroqua
418 3377 520 3436 aaran
539 3382 589 3436 ert.
620 3376 716 3434 Altera
735 3369 801 3454 pars
821 3377 878 3455 agit
896 3376 932 3435 de
951 3379 1007 3435 ritu
1025 3395 1104 3435 sacro
1121 3373 1236 3435 ultimae

88 3476 92 3483 '
131 3473 309 3551 antiquitatis.
347 3472 402 3528 Vix
426 3470 585 3549 putauerim
611 3466 707 3528 Ouidii
731 3478 824 3529 aetate
847 3458 902 3528 'aut
927 3489 980 3548 per
1003 3479 1159 3539 matronas,
1186 3477 1236 3527 aut

130 3586 182 3646 per
200 3564 358 3625 sacerdotes
377 3565 463 3640 alios,
489 3583 573 3642 qoam
594 3563 685 3622 Salios
704 3563 788 3622 Marti
807 3563 941 3623 Kalendis
960 3564 1066 3623 Martiis
1086 3565 1236 3643 quiequam

130 3661 172 3719 rei
190 3660 303 3718 diuinae
321 3657 433 3736 publice
451 3656 573 3715 factum:
592 3655 682 3729 farios
695 3660 805 3717 Mortis
822 3659 851 3716 in
870 3658 965 3717 tabula
984 3657 1166 3715 Praenestina
1185 3674 1236 3714 an·

117 3764 243 3815 -notatae
262 3751 329 3831 quid
347 3750 512 3828 significent,
532 3767 617 3828 supra
636 3742 937 3830 coniecturamposui:
957 3749 1033 3830 quod
1054 3749 1174 3808 Ouidius
1194 3749 1236 3806 di·

41 3840 44 3845 ’
130 3848 168 3906 cit
186 3867 215 3906 u.
229 3846 286 3904 251
307 3854 445 3919 matrum,
464 3844 524 3902 siue
543 3844 734 3922 corrigendum
756 3855 814 3920 eat,
834 3846 910 3924 quod
929 3844 1135 3924 propemodum
1155 3851 1236 3920 puto,

130 3943 224 4001 matris
243 3959 308 4002 eum
327 3940 437 3997 turbam
456 3936 652 4016 frequentare,
677 3938 792 4016 intelligi
815 3938 881 3996 licet
900 3939 936 3997 de
955 3938 1057 3997 mensis
1077 3937 1136 3995 eins
1154 3936 1237 4013 prin-

129 4035 211 4114 cipio.
251 4034 352 4113 Neque
371 4043 464 4091 tamen
483 4041 526 4091 est
544 4031 701 4109 negandum
726 4032 754 4089 in
773 4032 832 4088 uita
850 4029 1001 4091 domestica
1020 4029 1108 4088 multa
1127 4027 1164 4086 de
1184 4044 1234 4085 ue-

128 4128 181 4187 teri
205 4146 285 4189 sacro
309 4127 489 4202 remansisse,
514 4124 640 4206 inprimis
664 4123 740 4205 qnod
762 4124 921 4186 Macrobius
946 4123 1031 4185 tradit
1056 4124 1233 4200 sat,1,12,
