2550 4574
516 267 561 313 00
581 263 687 311 tuitus
1087 259 1152 315 Oiai(
1184 276 1188 283 ·

49 425 131 488 certe
151 415 225 476 euim
243 414 370 476 diuorum
393 413 508 475 fuemnt
532 432 551 474 a
576 414 744 495 conceptinis
767 431 824 474 non
850 411 1011 488 annalibus,
1033 428 1153 491 quarum

50 509 184 588 exemplo
201 518 296 585 sunto,
314 510 337 569 si
354 510 480 590 publicas
496 510 617 588 quaeris,
636 505 835 584 nouemdiales,
857 506 915 566 uid.
928 505 992 565 Liu.
1012 509 1109 581 l,31;
1127 505 1153 565 ri

51 605 143 684 partis
163 604 279 682 populi,
304 621 389 680 porca
412 594 738 681 praecidaneu'Csrerio,
766 619 823 679 qua
840 620 896 659 non
915 598 1063 677 quotannis
1079 615 1153 674 opur

50 698 139 756 subse
156 697 241 756 doust
259 695 366 755 Gellius
385 698 416 771 t,
428 698 468 770 63
489 695 513 752 si
530 695 664 773 priuatas,
683 695 834 769 clericales,
854 691 1011 771 otmunt
1023 693 1152 769 ptus.

51 791 138 860 Quae
156 800 262 848 restant
281 807 329 848 sex
347 788 502 847 ducrimina
520 788 729 848 illustrabuntur
746 788 879 867 exemplis
898 785 1053 846 Ouidianis.
1150 826 1153 831 .

131 882 307 943 sementinas
325 881 408 962 ferias
423 882 459 940 ab
475 881 576 940 Ouidio
589 888 617 956 1,
627 881 684 938 668
696 898 739 959 sq.
754 893 981 939 commemoratas
998 881 1071 938 inter
1085 896 1153 937 con·

54 976 184 1055 ceptiuas
201 984 348 1034 recensent
365 976 469 1035 Paulus
489 984 518 1034 et
535 975 693 1033 Macrobius
711 975 778 1034 locis
796 976 931 1048 indicatis,
949 975 1020 1031 inter
1039 973 1152 1036 annales

52 1071 145 1129 Varro
164 1071 201 1129 de
219 1071 239 1128 l.
258 1069 279 1130 l.
299 1072 329 1143 6,
351 1072 405 1128 26:
432 1069 529 1128 diebus
554 1068 636 1128 certis
661 1069 785 1127 astrictas
808 1087 863 1125 non
888 1067 973 1125 fuisse
990 1056 1051 1145 ipse
1069 1077 1154 1144 poeta

53 1173 153 1224 monet
179 1181 207 1221 u.
224 1167 280 1222 661
307 1163 473 1240 astipulante
490 1162 576 1221 Laur.
595 1161 676 1239 Lydo
694 1161 731 1221 de
748 1161 886 1219 mensibus
903 1165 933 1232 3,
951 1163 982 1236 6,
999 1162 1078 1238 pao
1095 1160 1153 1217 Ra.

53 1259 82 1316 in
100 1258 179 1316 bunc
190 1256 320 1315 moduine
338 1248 386 1314 At
400 1255 454 1314 τοῦ
473 1246 593 1332 σπόρου
612 1247 726 1332 ἑορταί,
746 1247 779 1312 ui
799 1245 957 1332 λεγόμεναι
976 1247 1061 1332 παρὰ
1075 1243 1154 1311 Ῥομ.

54 1346 161 1428 pulcra
180 1344 376 1426 σημαντίβαι,
397 1344 513 1420 esuriet
527 1341 683 1427 σπόριμοι,
702 1341 758 1407 οὐκ
769 1339 880 1423 ἔλαχον
893 1339 1062 1424 ὡρισμένην
1071 1335 1155 1423 ,ἠμί-ι

56 1464 116 1522 ραν
131 1477 187 1504 -.
207 1436 317 1522 ἤγοντο
337 1439 372 1504 δὲ
391 1439 439 1504 ἐπὶ
459 1437 515 1504 δίο
535 1435 662 1522 ἡμέρας,
682 1435 738 1501 οὐκ
757 1437 875 1520 ἐφεξῆς,
894 1435 975 1500 ἀλλὰ
991 1435 1086 1519 μέσον
1102 1456 1155 1518 pu-

55 1531 193 1614 νομένων
212 1529 299 1597 ἑπτά.
323 1535 376 1596 καί
395 1539 434 1619 τῇ
455 1535 512 1615 μὲν
531 1528 640 1615 πρώτῃ
659 1529 830 1612 lrponnlnuv
848 1526 1011 1612 Δήμητρι,
1031 1521 1097 1592 οἷον
1114 1529 1155 1611 τῇ

56 1629 87 1689 Γ
84 1633 106 1712 ᾗ
126 1663 165 1675 -
185 1620 249 1690 airu
267 1624 347 1708 μετὰ
373 1624 449 1692 ἔπτὰ
475 1623 593 1708 ἡμέρας
611 1621 713 1708 Ko'pp.
756 1629 900 1689 Postremo
923 1629 1048 1708 publicar
1070 1625 1155 1685 seriae

56 1726 144 1783 fuisse
163 1726 336 1802 cognoscitur
353 1744 389 1784 ex
406 1728 538 1803 Varqona.
551 1725 587 1783 de
604 1743 637 1783 re
655 1733 725 1782 rust.
746 1728 776 1799 l,
790 1727 826 1798 3,
849 1723 897 1782 ubi
913 1722 1038 1782 homines
1057 1718 1155 1777 urbani

57 1820 194 1897 cuiusque
217 1818 319 1877 ordinis
344 1819 425 1878 otiosi
449 1821 618 1878 conueniunt
642 1819 671 1876 in
694 1817 794 1876 nedem
812 1817 945 1877 Telluris.
961 1838 964 1845 ·
983 1816 1080 1886 Quare
1097 1830 1155 1873 nnn
1195 1837 1199 1843 ·

58 1911 159 1969 iniuria
178 1912 342 1989 quaesitum
356 1923 399 1970 est
419 1931 437 1971 a
455 1912 593 1992 Neapoli,
620 1911 686 1990 quid
711 1920 801 1986 esset,
828 1910 904 1988 quod
928 1908 1004 1989 apud
1022 1906 1156 1968 Ouidium
1195 1933 1197 1938 ¹

60 2024 89 2064 u.
103 2007 163 2063 660
181 2005 284 2082 pagani
302 2005 471 2081 potissimum
490 2007 583 2065 feriari
601 2006 766 2081 iubeantur,
784 2014 814 2064 et
832 2024 898 2063 num
915 2005 991 2064 forte
1007 2001 1044 2077 de
1062 2001 1156 2061 altst‘u

58 2098 148 2170 feriis,
167 2097 360 2175 Paganalibus,
379 2116 453 2178 quae
470 2107 562 2158 tanim
580 2100 747 2158 sementinas
766 2100 893 2178 proxime
910 2097 1061 2174 attigerint,
1079 2094 1157 2153 dica-
1191 2144 1194 2151 .

59 2201 116 2249 tur.
154 2191 201 2249 De
212 2191 395 2268 Paganalihus
413 2193 525 2270 insignis
544 2203 587 2252 est
603 2193 680 2250 locus
695 2189 820 2268 Dionysii
835 2191 897 2250 Hal.
913 2194 944 2265 4,
961 2189 1013 2248 1⁵:
1032 2187 1157 2266 appellnt

61 2276 172 2364 ἑορτὴν
190 2278 223 2342 ἐν
240 2286 309 2353 ταῖς
327 2276 408 2342 πάνυ
428 2281 532 2361 τιμίαν
556 2285 650 2363 aitque
673 2285 807 2344 celebrari
832 2284 883 2342 diis
902 2283 1087 2362 peculiaribus
1104 2299 1157 2360 pn-

61 2398 161 2456 gorum
175 2377 345 2454 custodibus,
365 2398 399 2438 ex
417 2381 519 2458 quibus
534 2397 615 2436 unam
630 2377 804 2456 Empandam
822 2379 931 2437 nouisse
945 2376 1080 2451 uidemur,
1100 2373 1157 2432 uid.

61 2472 144 2532 Paul.
159 2474 239 2532 Diac.
259 2474 409 2549 p.7u,11,
427 2474 479 2531 nisi
496 2472 571 2531 forte
589 2472 626 2530 ibi
644 2489 756 2551 qnoque
773 2475 881 2551 poponi
899 2480 930 2531 ut
948 2470 1024 2545 alibi,
1041 2470 1065 2527 si
1082 2475 1158 2526 recte

62 2568 191 2641 memini,
219 2563 295 2643 apud
322 2565 440 2623 eundem
462 2576 646 2645 opponuntur
670 2565 840 2625 Christianis.
886 2563 1064 2624 Conueninnt
1087 2559 1167 2619 lines>

63 2659 187 2736 Dionysii
205 2677 262 2716 non
280 2658 375 2735 ntique
393 2660 497 2737 optime
517 2659 554 2717 ad
574 2659 724 2735 Ouidium,
748 2677 915 2737 quamquam
934 2678 963 2716 u
978 2659 1036 2716 670
1052 2655 1160 2735 pupuui

63 2752 122 2827 foci
141 2757 344 2831 nuncupantur.
376 2752 496 2810 Grauius
515 2763 608 2811 tamen
629 2765 672 2812 est
687 2754 762 2832 quud
774 2753 936 2832 Pagannlia,
955 2759 1080 2829 utputo,
1097 2751 1160 2826 ipsu

62 2847 110 2904 illa
122 2847 249 2920 Dionysii
267 2846 387 2902 omnium
407 2864 553 2924 pagorum,
573 2866 629 2905 non
648 2844 831 2925 singulorum,
850 2848 890 2904 nti
909 2844 1113 2920 nult·Scalige1·
1129 2842 1159 2900 in

63 2938 247 2996 coniectancis
265 2957 295 3015 p.
308 2941 363 3011 80,
387 2956 404 2996 a
423 2940 550 2999 Varrone
569 2943 639 3012 §24
657 2951 861 3019 componuntur
879 2959 942 2998 cum
954 2935 1159 3014 Septimontio,

65 3039 97 3089 nt
114 3032 190 3089 inter
207 3031 266 3090 dics
283 3037 403 3090 risuum
417 3031 502 3092 inissa
512 3033 673 3108 uideantur.
705 3035 782 3093 idem
798 3053 866 3093 uero
879 3034 969 3091 Varro
988 3027 1182 3105 §na-sigub,
1262 3089 1268 3095 .

64 3124 152 3182 ficare
172 3124 282 3181 uidetur
299 3126 464 3183 sementinas
482 3127 566 3185 ferias
592 3128 640 3205 qui
656 3128 711 3186 dini
729 3127 924 3187 consueuerint
942 3143 959 3183 a
978 3122 1161 3202 pontifitibm,

64 3218 94 3276 in
114 3218 189 3294 agris
207 3217 341 3276 celebrari
359 3221 555 3296 paganismum
576 3221 695 3279 nomine.
735 3221 831 3290 Quare
856 3238 912 3276 non
930 3217 968 3276 de
985 3217 1101 3276 diuersis
1117 3215 1162 3274 fo·

61 3311 113 3369 πίε
132 3309 337 3386 intelligendum
357 3315 512 3389 putauerim
531 3311 681 3389 Ouidium,
706 3315 757 3372 sed
781 3313 819 3372 de
836 3311 931 3370 iisdem
950 3311 1060 3370 diuerso
1078 3309 1163 3369 moos

64 3404 95 3461 in
112 3405 183 3460 urbe
199 3412 228 3460 et
248 3403 275 3460 in
293 3404 365 3480 agris
384 3405 564 3464 celebrandis.
605 3407 690 3464 Velut
704 3405 799 3464 oscilla
812 3422 895 3466 nemo
908 3423 1028 3484 nuquam
1046 3406 1075 3463 in
1088 3405 1165 3462 Vrbe

65 3497 200 3554 instituit:
221 3496 500 3575 celebratnmtamen
519 3516 583 3558 eum
601 3500 683 3556 ritum
702 3498 777 3558 feriis
795 3501 952 3558 sementinis
968 3499 1088 3558 disertior
1107 3507 1166 3556 tro·

66 3589 110 3648 dit
135 3589 243 3647 Probus
271 3587 307 3648 atl
332 3590 409 3668 Vrrg.
436 3610 481 3670 ge.
506 3599 538 3669 2,
557 3578 625 3652 686.
678 3591 832 3670 Paganioas
856 3610 923 3669 ergo
948 3591 1031 3651 serias
1056 3593 1168 3670 proprie
1257 3622 1260 3627 ·

68 3683 158 3740 dictas
177 3682 263 3740 babes
289 3684 447 3764 exemplum
470 3685 602 3748 feriarum
621 3686 763 3748 annalium
785 3686 883 3745 incerti
899 3687 1031 3765 temporis
1049 3703 1103 3744 nec
1121 3692 1168 3742 to·

82 3778 125 3833 ins
165 3777 250 3832 nuli.
976 3798 984 3811 ⁴

69 3786 81 3837 t
144 3795 279 3929 1{iisdem
299 3871 408 3948 generis
427 3881 511 3951 atque
529 3873 700 3933 sementinae
717 3870 845 3950 publicae
863 3870 977 3930 fuerunt
994 3871 1166 3930 Fornacalia.

69 3962 145 4020 Nam
165 3963 314 4040 quotannis
337 3983 393 4021 non
420 3974 496 4023 certo
522 3964 634 4042 quidem
659 3965 724 4039 die,
748 3963 799 4023 sed
824 3972 918 4023 tamen
936 3965 1010 4023 iutra
1027 3963 1169 4022 Kalendas

70 4055 239 4117 Febmarias
258 4065 288 4113 et
307 4057 475 4131 Quirinalia,
500 4066 533 4114 ut
556 4069 642 4135 puto,
668 4074 686 4114 a
707 4057 820 4116 curione
843 4059 963 4116 maximo
989 4057 1086 4130 indici,
1111 4055 1170 4113 sine

71 4148 181 4226 canopi
199 4149 294 4211 rotatas
313 4160 431 4215 teratur
449 4149 567 4214 notun
585 4155 615 4227 2,
632 4150 700 4214 oro.
738 4150 781 4214 ab
799 4150 929 4216 ociossuox
949 4151 1051 4214 aluus
1073 4147 1171 4222 fuco
