2550 4574
506 252 651 303 ninnive
1048 214 1131 309 ilani

13 410 89 469 ains
111 406 306 469 dedicatione
321 404 512 485 leriammqoe
527 392 710 486 ooneeptione
722 406 877 467 eelebratos
891 406 987 470 luisse·
1019 409 1066 469 De
1078 411 1132 473 lii·

11 502 162 585 parnieni
186 502 281 563 reditu
299 500 435 561 eimmodi
448 500 515 579 quid
529 502 658 579 nugnreri
677 499 789 560 uidetur
801 501 931 559 Horatius
944 520 1029 562 earm.
1041 508 1073 579 1,
1082 489 1131 579 ld,

11 598 96 655 luno
116 596 161 657 V.
185 596 222 655 C.
243 592 315 655 714ι
327 596 411 655 reboo
428 594 543 654 orientis
568 596 673 673 paretis
698 612 748 653 nra
766 594 910 651 Fortunae
927 594 1034 653 Rednoi
1052 595 1131 655 dedi·

11 698 93 765 rata,
112 688 174 749 Dio
195 691 248 764 et,
268 692 324 765 1⁰3
346 687 411 749 inst.
430 690 563 748 Amitern.
583 688 622 747 lV
640 686 682 747 ld.
701 686 818 747 Octobr.
838 691 918 745 Anno
936 689 992 745 741
1012 706 1075 746 eum
1093 706 1131 749 ex

11 782 116 843 8011·-
133 782 284 852 redinset,
303 799 353 840 ara
370 780 452 841 Puois
469 783 633 856 ounstitnta‚
662 781 722 842 uid.⁴
738 781 839 841 lemme
856 779 922 839 fast.
942 781 1073 839 Amiteru.
1092 782 1131 841 Ν

11 874 95 935 Nun.
116 874 178 935 lul.
210 874 343 933 Proximo
365 891 440 934 anno
462 894 534 935 ensa.
553 874 588 933 Ρ.
607 875 732 953 Sulpicio
751 871 880 943 Quirinio
897 874 932 931 C.
954 874 1068 951 Valgio,
1093 874 1132 935 de

11 968 123 1047 animm
143 966 206 1027 oid.
226 968 316 1047 an'g.
331 988 363 1047 p.
371 974 423 1044 13,
436 970 485 1039 14,
502 976 567 1045 post
583 967 700 1027 reditum
719 985 754 1027 ex
772 967 938 1043 Campania,
955 966 1010 1026 Dio
1021 968 1132 1045 imit,

12 1050 242 1141 ipodyelsptoc
252 1056 363 1138 βωμὸν
375 1054 481 1137 himo
491 1055 646 1137 Σωτείρας
662 1052 861 1137 καθιέρωσιν,
879 1060 1031 1119 mmndnm
1047 1078 1131 1139 grae-

14 1172 82 1213 eun
100 1156 267 1233 exemplu·
278 1156 447 1215 momenti
460 1155 598 1231 Amyraru
610 1155 639 1213 in
653 1152 756 1215 Pisidia
772 1162 929 1231 repertu-2
949 1150 1005 1209 oid.
1016 1152 1131 1217 Dbeou.

16 1247 45 1307 'm
65 1253 121 1307 As.
140 1248 212 1307 min.
230 1254 262 1324 2,
280 1250 339 1308 426
358 1258 388 1309 et
407 1252 476 1307 Aeta
493 1250 604 1307 minora
623 1246 709 1305 Aoud.
728 1246 823 1305 Berol.
843 1245 944 1303 mensis
963 1245 1025 1304 lun.
1043 1248 1131 1323 1810,

18 1360 49 1419 p.
63 1343 138 1400 104.
172 1344 254 1399 Anno
272 1343 331 1401 748
347 1350 466 1421 propter
483 1340 603 1399 reditu·
622 1357 657 1397 ex
675 1338 775 1397 Gellia
792 1338 892 1396 iterum
911 1354 962 1394 ara
981 1336 1062 1395 Petis
1079 1336 1133 1397 da·

20 1433 118 1491 dicata
136 1432 179 1492 ΙΙΙ
197 1433 248 1493 Kl’
266 1434 352 1495 Febr.
371 1443 444 1494 teste
461 1433 560 1492 Verrio
579 1433 685 1491 Flnooo
703 1433 732 1489 in
750 1430 816 1489 last.
834 1428 979 1487 Praenest.
1017 1429 1076 1487 lam
1093 1430 1133 1489 ΙΙΙ

21 1524 71 1583 Kl’
92 1526 168 1604 epe.
186 1540 265 1585 eram
283 1526 364 1586 l’aeis
381 1527 466 1587 etium
483 1534 682 1585 nommamorst
700 1521 838 1597 Ouidius,
856 1521 914 1581 Dio
932 1532 1027 1580 autem
1045 1540 1132 1583 unum

24 1628 176 1696 praeterea
194 1618 313 1679 reditum
331 1638 368 1680 ex
384 1618 458 1677 bello
471 1618 632 1677 Pannonioo
645 1619 697 1693 55,
712 1618 767 1676 342
785 1611 838 1675 aul
856 1610 905 1673 tut
927 1613 968 1694 τῇ
987 1608 1131 1697 ἐπανόδφ

26 1703 65 1769 ui
78 1707 192 1771 θυσίαι
209 1706 312 1790 o'ienrp
323 1709 359 1773 de
373 1705 522 1788 πολεμίας
536 1705 619 1781 τινὸς
631 1702 899 1786 ἄνακιιμισθίπος
913 1702 1131 1787 trauersum.

26 1804 107 1863 iisne
132 1805 196 1883 ipss
224 1807 328 1880 umba,
352 1796 455 1881 ὥσπερ
475 1800 509 1864 ἐκ
530 1798 696 1880 πολεμίας,
722 1801 1051 1863 rosenmullerus
1073 1820 1132 1861 nou

26 1898 104 1957 male
119 1900 301 1957 conueniunt.
340 1897 400 1957 Sed
418 1898 567 1958 uidendum
585 1908 629 1957 est
646 1897 684 1957 de
701 1916 812 1973 mense,
831 1915 888 1974 quo
907 1898 1047 1975 Angustnr
1063 1904 1132 1955 tune

26 1989 152 2049 redierit.
183 1989 303 2068 Scripsit
320 1990 368 2049 ille
385 1991 440 2050 Dio
458 1992 496 2051 de
513 2010 588 2051 enno
602 1992 642 2051 V.
655 1990 692 2050 C.
703 1993 774 2067 761,
791 2007 849 2068 quo
867 1998 947 2067 gesta
965 1988 1037 2048 lraeo
1054 2007 1132 2047 eom·

26 2093 185 2143 mennoratr
208 2085 329 2162 primum
354 2084 392 2144 ad
416 2102 516 2164 paoem
541 2092 652 2143 mactus
675 2082 836 2143 Pannonios
852 2082 962 2143 Batone
987 2082 1077 2159 primo
1100 2088 1132 2141 et

26 2176 148 2237 Pinnete
165 2176 298 2252 duribus,
323 2178 376 2237 eir.
396 2178 496 2238 Vellei.
517 2184 548 2254 2,
568 2180 639 2237 11⁴:
668 2176 770 2237 deinde
787 2178 940 2253 Angustum
958 2175 1131 2233 eomitiornm

27 2270 214 2329 munuum
240 2280 383 2347 tempore,
408 2270 462 2330 hoe
487 2281 530 2330 eet
553 2271 626 2330 eirea
643 2270 748 2329 llaium
774 2268 834 2328 fere
853 2286 987 2340 mensem,
1006 2267 1043 2338 (si
1061 2268 1131 2327 lulio

27 2380 125 2423 mense
144 2364 319 2441 magistratus
338 2374 515 2439 crearentur,
540 2382 603 2421 sero
625 2362 654 2420 id
679 2362 738 2420 lieri
759 2361 981 2432 existimabatur,
1008 2360 1063 2419 Dio
1079 2363 1132 2438 40,

29 2458 88 2532 17;
106 2456 172 2531 45,)
197 2468 375 2534 praesentem
393 2455 504 2535 quidem
520 2456 628 2515 Romae
645 2454 748 2531 luisse,
772 2455 809 2511 sb
833 2454 866 2513 iis
885 2464 977 2513 tamen
994 2473 1026 2514 se
1043 2456 1132 2515 ebed-

30 2549 145 2623 uuisse3
167 2568 229 2609 nam
250 2550 302 2607 nisi
320 2568 453 2628 praesens
471 2550 585 2624 luisset,
603 2549 728 2627 ineptum
747 2556 809 2607 erat
827 2546 881 2606 lroe
899 2558 1014 2609 notare:
1038 2551 1132 2609 nonis·

31 2642 105 2701 sime
120 2643 280 2703 Pannonios
297 2644 445 2703 rebellasse
468 2644 521 2702 sub
546 2643 635 2701 altero
653 2642 763 2701 Batone
780 2650 811 2699 et
829 2642 877 2699 uix
895 2660 930 2699 eo
948 2659 1023 2700 enno
1040 2660 1059 2699 a
1076 2642 1133 2701 Sil·

33 2752 106 2793 uano
124 2736 269 2795 noerdtus.
301 2736 396 2795 lledio
412 2738 487 2795 inter
505 2734 576 2794 lraen
591 2736 654 2794 loeo
671 2744 800 2793 narratur
814 2736 967 2813 Augustum
982 2735 1132 2793 Ariminum

35 2828 190 2905 profectum
208 2838 341 2887 euentum
360 2830 426 2889 belli
443 2839 633 2906 exspectasse,
651 2827 769 2902 deinde,
788 2830 827 2885 ati
841 2829 988 2906 exscripsi,
1008 2826 1130 2888 rediisse.

36 2921 156 2981 Necesse
173 2930 218 2980 est
236 2922 337 3000 igitur,
363 2923 474 2982 redierit
492 2934 539 2980 eut
559 2930 626 2979 ente
643 2923 753 2979 comitio
772 2922 976 2997 magistratibus
995 2918 1132 2994 creandis,

38 3024 83 3073 net
98 3016 151 3074 sub
168 3015 256 3075 linem
273 3016 348 3074 anni.
387 3014 446 3074 Sed
464 3014 578 3074 dubium
597 3032 657 3073 esse
677 3035 731 3074 non
752 3024 861 3093 potest,
880 3016 946 3091 quin
965 3013 1050 3090 priori
1068 3010 1134 3068 anni

39 3120 123 3185 parte.
161 3108 239 3167 Nam
256 3118 321 3185 post
339 3109 425 3167 uerba
444 3108 492 3166 illn
509 3126 610 3185 graece
629 3127 645 3165 a
665 3128 710 3166 me
727 3109 819 3186 posita
838 3107 938 3183 legitur
956 3104 1057 3163 ταῦτα
1074 3100 1133 3180 μὲν

43 3196 73 3257 lv
90 3218 125 3279 tp
139 3192 246 3279 Ῥώμῃ
265 3194 421 3278 ἐπράχθη.
459 3196 537 3262 ΙΤιιιιι
561 3203 674 3261 rebellio
693 3201 809 3258 Batonis
832 3200 965 3277 sequitur.
1003 3200 1064 3257 lloe
1087 3199 1135 3257 iu·

45 3302 106 3369 epte
120 3294 210 3365 fieret,
229 3294 254 3353 si
273 3305 392 3373 propter
411 3313 473 3355 eam
492 3298 668 3357 rebellionem
685 3295 775 3352 Roma
795 3292 936 3370 profectus
955 3302 1027 3351 esset
1041 3295 1136 3368 Augu·

45 3396 114 3445 sture
140 3386 283 3466 proiectus
301 3389 444 3465 igiturest
462 3391 548 3468 priori
568 3390 659 3460 bello,
686 3387 769 3444 rediit
788 3386 839 3443 sub
858 3394 968 3462 tempus
986 3386 1062 3462 pacis
1079 3385 1136 3441 iui-

47 3488 101 3556 ae,
125 3484 188 3540 siue
211 3480 368 3555 ineundae,
396 3482 620 3561 quandoquidem
644 3480 794 3554 insequenti
818 3484 923 3537 oeeiele
948 3496 1008 3535 earn
1026 3477 1136 3554 petiisse

47 3570 197 3634 Pannonios
221 3574 306 3633 tradit
325 3574 456 3634 Velleius.
495 3575 572 3633 Nihil
598 3573 681 3632 eredo
699 3575 828 3646 obstare,
853 3571 919 3646 quin
938 3572 1076 3646 Augustus
1099 3570 1136 3626 lll

47 3664 87 3725 lll’
104 3668 213 3747 Apriles
232 3667 297 3725 enni
315 3666 352 3724 V.
373 3668 407 3727 C.
428 3671 484 3729 761
504 3668 628 3738 rediisse,
648 3683 738 3742 eoque
757 3664 801 3721 die
820 3681 868 3721 ara
887 3663 966 3720 Panis
985 3663 1136 3721 constituta

47 3772 161 3835 putetur.
200 3761 278 3819 Fasti
295 3759 429 3820 lllaffeani
447 3770 506 3820 tum
525 3763 579 3819 ism
598 3759 724 3838 pridem,
755 3758 795 3815 uti
821 3756 1026 3828 demonstraui,
1052 3753 1137 3832 lapidi

9 3882 12 3892 ·
46 3854 167 3933 insculpti
187 3864 283 3913 erantr
309 3853 446 3931 Ouidius,
471 3857 520 3933 qui
537 3856 589 3913 aab
608 3854 690 3910 finem
711 3853 769 3909 eiua
788 3851 852 3906 anui
872 3849 980 3905 deinum
1000 3849 1138 3924 relegatur

9 3982 11 3995 =
44 3962 101 4025 est,
128 3968 190 4007 rem
215 3947 330 4006 carmini
353 3949 479 4007 intexere
502 3949 601 4025 potuit.
639 3947 773 4004 Extremo
792 3943 891 3999 mensis
910 3941 954 3997 die
972 3939 1047 4015 quod
1067 3936 1137 3997 Oui·

41 4043 99 4103 dius
119 4060 233 4101 sermm
251 4042 349 4102 Lnnea
366 4042 395 4099 in
415 4041 551 4099 Auentino
570 4046 783 4110 commemorat,
801 4035 896 4093 tabula
913 4031 1053 4090 lllnffeana
1071 4040 1138 4087 nota

37 4140 96 4197 eius
116 4137 163 4197 rei
184 4136 259 4195 omni
277 4145 366 4213 earet,
384 4136 424 4192 itu
437 4134 570 4209 intelligo,
590 4142 620 4191 nt
635 4128 764 4203 Ouidius,
783 4129 823 4189 uti
841 4127 1009 4205 saepissime,
1027 4124 1066 4181 rei
1079 4136 1138 4179 me·
