2550 4574
430 218 632 305 'nonomen
652 255 761 303 orrun
1101 259 1160 307 ux

61 409 108 471 dre
123 409 318 481 Μαΐου,
335 411 464 487 μανον
481 409 580 488 qulbus
595 427 703 469 mosera
726 415 770 469 ut
787 405 853 470 door
878 411 1023 470 sutem
1044 409 1159 488 proedi-

64 522 121 564 tm
138 535 175 549 -·
197 513 254 563 etc.
466 521 471 529 ’

19 598 22 609 '
131 596 291 672 Lemmata,
309 612 384 675 quan
402 594 533 671 Ouidius,
552 596 575 655 si
593 594 682 655 fastos
699 593 780 656 Maii.
799 594 937 670 conferas,
956 594 993 653 de
1010 614 1061 654 sno
1080 596 1159 655 addi·

69 687 133 748 disse
151 689 278 766 uidetur,
296 689 431 749 trifariam
448 691 620 749 diuiduntur.
648 690 722 749 Sunt
739 689 812 748 enirn
831 698 880 746 ant
897 688 995 763 lemae,
1013 689 1161 750 indictinae
1190 672 1196 687 ¹

69 784 242 861 praesertim,
266 781 304 841 de
322 784 422 862 quibus
440 782 514 841 inira
536 792 633 861 agetur
651 785 725 841 iuter
742 783 899 860 fragmenta
916 781 1048 840 Varronis
1066 800 1160 842 rerum

10 930 35 972 ἃ
72 874 215 934 diuinarum
234 876 385 949 iibrivnr,
404 877 451 937 uel
469 879 634 954 templorum
654 884 780 934 uetustae
795 875 994 949 dedicationes,
1011 873 1161 952 dequibus
1260 878 1263 885 '

10 1024 36 1059 ι
72 969 255 1049 exponendum
274 980 317 1030 est
334 964 362 1029 in
381 970 456 1029 libris
475 970 608 1029 Varronis
631 987 651 1028 r
670 981 700 1029 et
719 989 773 1028 vr:
797 979 847 1028 ant
864 954 929 1027 sunt
948 968 1092 1041 historica,
1112 977 1162 1027 aut

10 1110 14 1139 ,
71 1064 257 1139 umnomica,
275 1063 429 1143 dequibus
448 1063 574 1140 utrisque
592 1063 646 1121 boc
664 1063 726 1121 loco
745 1063 930 1141 disputabitur
948 1060 1130 1120 commodius.

10 1188 35 1231 a,
135 1158 320 1235 Consignauit
342 1159 425 1235 igitur
443 1155 561 1216 Ouidius
579 1173 625 1215 res
642 1164 748 1232 gestas,
774 1173 849 1234 quas
862 1155 1064 1232 deprompsisse
1084 1154 1162 1213 uide·

10 1283 32 1318 ι
69 1260 110 1311 trs
125 1260 176 1311 ant
194 1270 230 1310 ex
249 1250 318 1309 actis
336 1250 457 1310 Senatus
474 1250 518 1308 sui
536 1250 686 1328 temporis,
705 1260 754 1307 aut
773 1267 807 1306 ex
825 1249 965 1306 annalium
983 1249 1162 1326 scriptoribus

10 1359 27 1403 ο
65 1345 174 1405 tatiane
188 1343 409 1422 triumphalibus,
422 1343 470 1401 nel
480 1344 678 1420 antiquioribus
691 1342 826 1400 fastorum
840 1341 941 1400 tabulis
953 1342 1162 1420 interpretibu-

10 1437 22 1485 l
63 1458 125 1518 qne.
153 1436 511 1514 cfr.0o1,7-10,1t.
540 1435 618 1494 Nibil
635 1437 708 1495 enirn
727 1437 755 1495 in
773 1436 816 1494 bia
835 1443 888 1510 est,
907 1435 974 1513 quin
993 1447 1042 1495 aut
1057 1437 1167 1514 ipsum„

62 1544 113 1593 ant
127 1533 298 1593 simillbnnm
314 1530 375 1589 eiua
391 1529 540 1588 intabulis
557 1530 636 1605 aliis,
660 1531 856 1608 posterioribus
876 1540 968 1588 mmerr
986 1530 1163 1607 pierumque,

61 1628 183 1687 extimae
199 1625 315 1705 probari
331 1623 430 1703 porea
467 1623 499 1681 ln
517 1622 665 1683 Maffeanis
689 1643 758 1684 sane
776 1625 928 1684 Caesarum
956 1632 1063 1682 tantum
1086 1622 1163 1681 facta
1225 1695 1238 1707 ..

59 1730 208 1780 notantnrr
239 1719 339 1797 quibus
365 1717 449 1776 titulis
476 1737 547 1795 quos
573 1718 674 1777 similes
702 1720 770 1777 alios
796 1717 915 1778 Ouidius
942 1717 1047 1775 addidit
1072 1716 1163 1794 primo

54 1815 123 1874 loco
140 1812 365 1885 remnsebimur,
384 1811 514 1888 qnoniam
533 1810 570 1870 de
587 1830 637 1871 ara
655 1812 753 1883 Pacis,
771 1812 934 1890 pontificatu
954 1811 1076 1889 Augusti,
1094 1811 1163 1869 lnba

10 1895 12 1900 ’
54 1908 260 1984 ιίαο,οομο
279 1914 372 1963 actum
390 1914 442 1964 est.
480 1905 526 1964 Ex
544 1906 675 1984 quinque,
694 1924 767 1984 quae
786 1915 904 1985 rcqtnnt,
923 1905 1058 1965 lemmatis
1077 1921 1163 1962 noum

52 2000 95 2060 ud
115 2001 153 2060 C.
172 2000 324 2059 &euntem
342 1998 480 2076 pertinet,
501 1999 601 2058 caeder
618 2001 677 2059 eius
694 2000 788 2058 Idibus
806 1988 934 2074 Martiis,
950 1999 996 2057 die
1013 1997 1164 2077 parricidii,

53 2094 101 2153 nti
118 2093 271 2154 Suetonius
289 2092 354 2150 oiim
373 2091 402 2150 in
420 2092 499 2150 fastis
517 2093 688 2151 nominatum
705 2093 800 2173 prodit
818 2094 901 2154 Caes.
919 2096 977 2167 88,
1000 2102 1031 2152 et
1049 2100 1111 2149 atro
1129 2109 1165 2149 ac

54 2189 207 2265 religioso,
232 2186 438 2245 triumuirorum
457 2185 549 2246 edicto
572 2187 724 2246 secundum
744 2189 863 2247 Dionem
882 2188 929 2255 47,
952 2189 1006 2244 18:
1034 2181 1087 2243 soi
1106 2175 1164 2261 τὴν

55 2272 180 2360 ἧμίραν
198 2277 232 2339 ἐν
249 2263 272 2362 ᾗ
290 2271 463 2358 ἐφονεύθη,
488 2275 596 2358 κυρίαν
615 2271 664 2338 oiri
682 2299 755 2340 ποτε
775 2274 867 2357 ἕδραν
885 2267 1004 2357 βουλῆς
1021 2269 1165 2354 ἔχουσαν,

57 2367 233 2455 ἀποφράδα
251 2366 410 2460 ἐνόμισαν.
451 2374 585 2433 Neutrins
610 2384 704 2432 tamen
724 2375 764 2433 rei
785 2374 929 2452 uestigium
947 2375 975 2433 in
994 2373 1072 2432 fastis
1090 2372 1164 2432 Maf-

58 2468 164 2538 leanir,
180 2478 228 2526 ant
245 2467 325 2545 apud
342 2466 484 2528 Ouidium.
525 2468 619 2544 Negat
639 2469 721 2526 ctiam
740 2467 907 2525 Vaassenius
925 2487 954 2546 p.
965 2471 1023 2526 236
1041 2486 1164 2544 unquam

63 2558 199 2619 eiusmodi
221 2561 288 2639 quid
315 2563 343 2621 io
368 2561 456 2621 sartos
480 2562 599 2627 relatum
624 2561 709 2620 luisse
734 2570 764 2619 et
787 2562 939 2638 praeterito
957 2561 1083 2620 Suetonii
1101 2562 1164 2619 loco

62 2653 180 2711 Dionem
197 2655 338 2732 explicare
357 2665 473 2712 conatur
491 2674 526 2712 cx
544 2656 598 2714 alio
617 2655 679 2714 loco
698 2653 748 2730 45,
769 2659 823 2712 17:
851 2648 923 2712 οὐδὲ
942 2656 998 2731 τῆς
1018 2645 1166 2733 ἀποφρά-

65 2744 120 2817 δος
138 2740 173 2805 τὰ
191 2741 237 2825 μὴ
258 2742 290 2805 ἐν
310 2742 438 2816 ἐκείναις
461 2746 628 2823 βουλεῦσαι
647 2783 686 2798 -
706 2741 895 2824 ἀπέσχοντο,
922 2751 969 2806 ubi
995 2740 1166 2827 ἀποφράδα

64 2842 163 2919 accipit
181 2840 256 2899 diem
274 2841 383 2898 senatui
404 2841 531 2900 habendo
551 2862 606 2901 non
624 2844 772 2917 idoneum,
799 2844 973 2902 comitialem.
1011 2842 1115 2900 Verum
1134 2851 1165 2899 et

66 2936 102 2992 ibi
120 2934 256 2993 refellitur
274 2934 396 2992 aDione
409 2934 459 3009 46,
473 2939 523 3011 29,
542 2938 587 2995 ubi
603 2937 679 3011 uide,
699 2948 728 2995 et
747 2939 775 2994 in
792 2937 834 2997 Id.
854 2938 938 2995 Mart.
959 2954 1072 3014 operam
1091 2935 1165 3005 lusit,

68 3028 131 3104 qnia
148 3027 215 3085 fasti
233 3026 366 3085 Maffeaui
393 3029 476 3104 longe
500 3039 590 3105 sunm
610 3050 692 3108 qnam
719 3040 818 3108 putat,
846 3032 1022 3089 recentiores.
1062 3028 1166 3106 Vtique

70 3121 147 3198 igitur
162 3122 188 3180 ai
202 3122 342 3197 Angustus
361 3138 418 3178 non
437 3140 532 3180 omnes
551 3123 609 3180 dies
628 3134 702 3181 atros
717 3143 744 3182 a.
760 3125 794 3187 V.
809 3126 843 3182 C.
861 3127 919 3181 746
939 3123 1071 3195 aboleuit,
1090 3119 1165 3199 quod

74 3232 150 3290 snpra
168 3213 392 3288 coniiciebamus,
412 3214 479 3272 illud
498 3215 535 3274 de
552 3217 704 3292 purricello
718 3218 858 3276 decretum
872 3217 945 3275 inter
960 3217 1165 3274 triumuirorum

77 3306 189 3365 instituta
207 3317 281 3380 crat,
299 3325 372 3384 quae
390 3309 529 3385 Angustus
547 3328 575 3367 a.
590 3311 626 3368 V.
637 3314 695 3368 726
714 3313 867 3391 antiquauit
884 3320 955 3370 teste
967 3311 1059 3369 Dione
1073 3311 1122 3383 53,
1135 3315 1165 3382 2,

78 3398 230 3458 tutissimum
249 3399 368 3457 sortasse
386 3409 463 3459 ratus
476 3402 661 3461 adulationem
681 3406 819 3484 publicam
834 3407 980 3484 compesci.
1010 3405 1081 3463 Hinc
1095 3403 1166 3465 oni«

10 3490 22 3581 '-
79 3489 130 3549 dior
152 3494 227 3552 inter
252 3492 333 3552 istam
359 3504 482 3553 ueterem
505 3493 691 3558 adulationem
717 3519 875 3579 nouumque
899 3500 1060 3577 obsequium
1080 3496 1167 3556 ambi-

83 3601 159 3661 guus,
182 3586 310 3662 dubitat,
334 3594 548 3666 praeteream,
574 3608 610 3646 an
635 3603 831 3653 commemoret
855 3593 922 3651 illud
941 3593 1057 3652 facinus.
1095 3592 1165 3649 Per-

10 3674 29 3765 ζ
84 3680 191 3755 equtur
217 3689 312 3738 tamen
336 3689 462 3739 mutuato
481 3700 500 3739 a
520 3682 663 3743 Simonide
685 3687 778 3745 colore
804 3687 852 3744 de
868 3689 965 3744 umbra
985 3686 1111 3748 Caesaris
1138 3692 1167 3743 et

10 3774 30 3863 J!
87 3772 207 3831 mentione
232 3773 308 3830 sacta
325 3775 428 3833 maturi
444 3793 647 3854 percussorum
672 3779 793 3841 omnium
817 3780 964 3854 interitus,
992 3783 1064 3838 intra
1083 3779 1168 3839 trien-

10 3862 32 3951 ἦ.
90 3860 165 3938 niun,
190 3873 222 3923 nt
250 3867 335 3927 tradit
355 3869 471 3928 Sueton.
492 3870 574 3928 Caes.
593 3874 642 3931 89.
675 3872 719 3930 De
738 3891 772 3930 ea
798 3872 893 3930 fabula
918 3873 964 3930 adi
982 3873 1098 3931 Dionem
1118 3870 1167 3944 44,

10 3954 32 3969 ’”
94 3955 135 4026 ¹43
155 3960 328 4041 46,38,493
354 3964 404 4035 47,
416 3963 529 4038 29,31;
556 3968 763 4040 48,1‚7,17;
790 3966 890 4042 bl‚8;
915 3968 1034 4044 Appian.
1053 3969 1168 4041 2,113,

95 4048 152 4122 1193
172 4053 269 4113 Vellei.
289 4057 384 4130 2,88;
411 4054 560 4115 Weichert.
580 4058 617 4115 de
637 4057 731 4116 Cassio
748 4058 889 4117 Parmensi
908 4079 938 4136 p.
952 4061 1009 4117 250
1023 4081 1069 4137 sqr
1093 4056 1169 4115 Nihil

10 4128 36 4247 'L
99 4153 218 4217 praeterea
238 4149 358 4214 occurrit
376 4150 403 4206 in
424 4148 476 4213 illis
496 4151 619 4215 uersibus
638 4152 808 4231 notandum,
828 4154 879 4216 nisi
898 4152 933 4217 de
953 4153 1022 4216 aede
1039 4154 1076 4211 D.
1094 4147 1168 4223 Iulii,
