2550 4574
431 230 828 310 ψιῙίῘῖιΑιΜιῙῙιο·
1018 243 1167 299 mm

65 389 239 469 exemplaris
260 407 334 469 quae
351 399 447 451 estam
464 390 591 454 fluxisses
616 393 646 453 in
670 393 725 454 hoc
750 394 873 454 carmina
896 412 953 454 nou
976 394 1063 461 iuriis
1077 417 1165 461 m

64 482 223 545 huiusmodi
241 503 293 563 par
310 485 443 545 librorum
462 485 573 561 inueni,
597 487 663 566 quin
683 474 834 548 admixtum
851 488 919 547 naut
936 489 1003 566 quta
1022 491 1068 551 ait.
1103 491 1164 553 Lo·

65 596 130 637 uam
147 578 184 636 de
203 576 419 656 interpolatione
436 580 540 638 saeculi
558 582 634 640 tertii
651 581 750 642 decium
773 580 845 641 inira
866 580 980 641 seorsim
1008 594 1164 662 pertroeta·

64 679 126 731 tum
142 672 276 731 inuenies.
313 671 636 734 Francnlurtanua
655 676 742 746 liber,
768 693 852 754 quem
869 674 961 734 littera
983 670 1016 734 Φ
1032 676 1164 757 ἱιιᾶίαιιιί,
1193 683 1195 687 “

65 765 108 841 ei,
133 765 178 824 cui
195 763 269 838 dixi,
291 765 404 825 saeculo
428 767 540 826 attribui
558 768 649 840 solet,
673 767 739 828 uide
763 767 856 847 praei.
874 767 912 827 ad
930 768 1001 829 trist.
1021 788 1163 849 pam,

65 879 94 918 n.
103 860 154 919 aa.
187 859 328 919 Collatum
346 859 442 917 inueni
459 877 480 917 a
494 856 617 936 duobus,
637 862 756 921 Heinsio
765 871 795 923 et
808 860 975 921 Matthiaeos
993 880 1050 923 aaa
1068 863 1163 943 spreol

64 952 147 1011 huius
165 952 348 1017 testimonium
368 951 416 1010 uhi
432 951 547 1011 discedit
565 954 602 1011 ab
622 954 784 1030 Heinsiano,
801 953 852 1015 sed
869 954 1026 1016 innumeras
1042 958 1164 1036 scriptur

64 1063 111 1104 ras
128 1045 165 1104 ah
183 1047 272 1111 alteru
290 1052 400 1113 namtas
418 1045 536 1103 alterum
555 1047 679 1107 omisisse
694 1049 831 1126 intelliges
850 1065 924 1125 quae
942 1048 1032 1115 omitti
1049 1049 1164 1113 minima

63 1136 222 1205 debehatur
241 1136 384 1214 utriusque
403 1138 510 1216 ubique,
523 1140 601 1199 iuxta
624 1141 816 1203 anctorhmem
834 1141 926 1218 posui.

109 1270 113 1277 .
139 1235 189 1291 ιο.
227 1228 336 1290 arton
353 1225 384 1287 r
398 1230 568 1308 sarasan
586 1222 993 1311 liher'Gueiisrbytunns
1011 1234 1077 1305 sun
1097 1236 1161 1295 aa·
1223 1222 1228 1287 .’

62 1325 163 1385 disum
180 1323 284 1387 meruli
301 1322 366 1381 Xlll
384 1323 477 1382 iudice
494 1325 616 1402 Ehertc,
633 1327 772 1406 scripmra
787 1345 844 1387 nau
863 1327 1011 1388 admodum
1031 1336 1161 1407 uenusto,

63 1420 290 1499 compendiorum
316 1434 417 1495 magua
440 1417 634 1496 simplicitate,
660 1419 860 1499 orthographia
884 1421 999 1482 nitho
1024 1431 1054 1482 at
1077 1412 1161 1499 liuh,

61 1511 284 1591 interpolationis
302 1510 435 1569 cimmodi
453 1521 486 1569 ut
504 1519 535 1586 2,
548 1514 620 1590 3653
631 1517 688 1571 433
707 1515 799 1572 multia
818 1514 996 1590 argumentis.
1025 1515 1161 1579 lneat.la·

62 1623 136 1665 cuna
154 1622 173 1665 a
191 1604 266 1663 lih.l
283 1604 425 1663 nemaeo
439 1603 476 1664 su
489 1611 518 1675 2,
530 1607 599 1682 ³49,
618 1615 693 1665 totus
705 1605 807 1665 desinit
824 1605 852 1665 in
871 1604 951 1665 lihh
971 1607 1077 1667 stoa
1098 1604 1162 1665 Suh

60 1698 146 1757 linem
161 1695 225 1754 inde
243 1714 262 1754 a
280 1714 362 1754 uersu
374 1699 431 1754 ota
450 1706 563 1775 practer
576 1717 611 1758 ea
625 1717 699 1778 quae
709 1698 822 1759 enotaui
835 1697 953 1758 auanida
966 1699 1160 1762 ennarrans

54 1791 126 1871 lppe
145 1787 333 1865 Guelferbyta
348 1799 414 1847 ante
433 1790 540 1868 aliquot
558 1809 647 1851 annus
665 1791 702 1851 ad
721 1810 767 1867 ma
784 1792 898 1852 ιιιίιιιιιιι
916 1791 1032 1851 annuit

56 1930 66 1944 ,
95 1882 103 1887 ”
139 1888 191 1945 11.
227 1882 303 1941 luter
327 1882 497 1941 collectanea
522 1885 673 1956 Brinniana
698 1885 837 1964 duplicem
867 1886 960 1944 nscio
984 1884 1064 1943 cuius
1083 1884 1161 1947 rotha

61 1976 102 2037 ἀι
125 1973 303 2034 collationem
329 1970 429 2034 librum
451 1977 571 2054 primum
593 1979 767 2057 complexam
791 1978 970 2039 Burmannus
995 1975 1032 2035 ad
1057 1994 1087 2037 u.
1103 1979 1167 2048 los*

62 2066 278 2131 Kloekhniii
297 2077 429 2147 excerpta
447 2073 586 2150 appellate
605 2073 701 2131 notaui
719 2075 760 2132 K.
798 2072 925 2131 Aetatem
942 2071 1053 2147 ignaru.
1083 2130 1088 2149 x
1172 2058 1175 2063 ’

142 2166 190 2223 12.
229 2160 590 2237 Codexhcadinastris
611 2167 732 2225 Patsirii
749 2166 826 2226 lutatii
846 2183 910 2224 curn
930 2162 1046 2241 relapsio
1066 2162 1159 2240 opsti-

62 2256 125 2327 tes,
144 2254 185 2313 ati
203 2251 362 2333 designatur
381 2257 416 2315 ah
437 2256 563 2331 Heinsio,
581 2255 694 2327 uidetur
711 2258 735 2316 is
754 2275 826 2332 esse,
843 2257 892 2335 qui
910 2257 939 2315 in
958 2255 1081 2334 epistolis
1099 2257 1159 2314 eius

63 2363 93 2413 et
106 2349 242 2409 Grnnouii
260 2368 291 2426 p.
301 2353 340 2408 82
359 2359 600 2408 commemoratur.
631 2350 777 2429 Scriptura
796 2351 861 2409 exih
880 2359 909 2408 et
926 2348 1084 2409 monachali
1100 2358 1160 2409 tra·

62 2444 153 2511 (litura
172 2443 247 2522 quali
264 2445 375 2501 memini
394 2443 517 2501 codicem
536 2444 679 2521 egregium
701 2443 818 2501 tristium
832 2441 993 2501 Gothanm
1012 2442 1161 2503 saecxih

62 2557 134 2599 ease.
176 2537 277 2614 ltaque
301 2535 337 2594 ad
366 2536 419 2594 hnc
438 2535 642 2595 Londinensem
670 2536 810 2595 retulerim
835 2535 860 2594 si
884 2535 967 2595 liceat
989 2554 1025 2596 ex
1049 2555 1161 2613 eorum,

61 2651 138 2744 quaa
155 2630 251 2704 hahet,
270 2629 387 2687 utilitate
407 2639 436 2687 et
454 2630 532 2707 qnasi
551 2647 652 2707 sapora
670 2629 801 2693 iudicare.
834 2629 934 2689 Fallax
951 2628 1071 2688 fumasse
1088 2628 1160 2687 iudi·

61 2729 149 2802 cium,
165 2723 242 2802 quud
260 2723 362 2780 nemini
381 2722 512 2781 ohtrndo.
550 2722 671 2783 Notatur
690 2732 733 2782 est
752 2724 845 2782 littera
861 2721 909 2784 A.

97 2816 324 2892 13,14,15
358 2818 431 2874 Trea
450 2816 560 2875 codices
573 2816 668 2875 Balth.
682 2816 807 2875 Mureti
826 2815 992 2895 typographi
1010 2816 1077 2875 nlim
1090 2783 1160 2874 Ant·

61 2911 240 2990 rupiana,
263 2929 336 2988 quos
358 2911 455 2969 litteris
475 2912 583 2970 MNO
600 2910 800 2988 assignificani‚
824 2912 865 2968 ita
887 2910 995 2969 nomuit
1015 2910 1158 2970 Heinsius·

62 3006 151 3068 rodco
172 3000 282 3063 Mureti
307 3003 503 3080 tppapruphi'
492 3022 523 3063 ss
546 3003 673 3075 mamhra
698 3001 785 3061 codar
811 3002 884 3062 ultor
901 2999 1059 3071 Murali,
1048 3018 1079 3059 us
1106 3017 1161 3077 qtto

63 3091 159 3162 ouidii
175 3096 322 3176 pleraque:
347 3095 434 3154 codsa
450 3099 548 3155 tortiora
567 3092 677 3156 Marcii
693 3092 806 3154 uumhr.
825 3113 882 3154 aaa
901 3097 1012 3170 uuor.
1048 3092 1162 3151 Primae

61 3192 194 3254 mucellio
212 3200 255 3248 est
273 3200 303 3248 et
321 3190 483 3267 uersipellis‚
504 3199 534 3246 ut
547 3197 612 3247 sunt
624 3188 750 3266 plerique
762 3187 844 3246 huius
862 3188 983 3262 sannae,
998 3185 1081 3245 modo
1096 3203 1161 3243 cmm

61 3287 173 3366 optimis
191 3283 343 3342 stemmatis
361 3281 504 3340 Petauiani
523 3282 683 3359 conspirans
702 3285 732 3351 2,
743 3281 814 3355 794,
832 3277 916 3338 modo
938 3278 976 3337 ad
995 3279 1161 3339 Vossianum

62 3387 93 3455 ³,
105 3381 176 3448 248,
193 3375 277 3435 modo
296 3373 335 3437 ad
352 3373 570 3432 Arundelianum
587 3375 625 3432 ib.
645 3375 704 3431 350
722 3391 840 3451 pronnsa
869 3372 969 3432 desum
993 3373 1021 3431 in
1047 3390 1085 3433 eo
1101 3371 1161 3430 duo

43 3472 131 3533 'iulia
149 3479 214 3548 post
232 3467 346 3543 mih,
364 3469 410 3526 nbi
429 3475 521 3526 tannen
541 3469 655 3524 miratus
673 3484 734 3524 suum
753 3465 897 3544 aliquoties
915 3484 980 3524 eum
997 3464 1104 3524 laudari
1122 3463 1162 3522 ah

61 3562 191 3637 Heinsio,
210 3568 240 3619 et
257 3569 322 3637 post
335 3563 365 3637 4,
378 3563 445 3619 ⁵76.
485 3560 585 3620 Codes
603 3563 637 3619 N
653 3557 727 3617 idem
746 3568 798 3629 ost,
817 3560 865 3637 qui
883 3560 912 3618 in
930 3560 1052 3618 tristibus
1071 3576 1160 3616 mern·

61 3656 220 3713 hranareus
237 3651 352 3712 dicitur:
378 3653 487 3711 medius
503 3664 545 3712 est
564 3653 728 3732 plerumque
753 3652 826 3710 inter
844 3651 1114 3713 Mallessdurfianum
1130 3659 1160 3708 et

61 3746 294 3822 Gottingensem,
318 3746 367 3804 sed
386 3764 471 3825 saepe
490 3748 527 3803 ab
546 3756 665 3824 utroque
682 3744 815 3823 discedit,¹
840 3762 892 3804 nec
912 3747 1014 3823 ubique
1032 3745 1161 3823 pessime.

60 3841 150 3900 Liher
172 3839 197 3898 0
217 3838 316 3899 desinit
334 3841 362 3896 in
380 3842 494 3913 6‚1032
518 3840 605 3899 semel
624 3845 655 3914 2,
667 3845 723 3898 311
742 3840 898 3918 perbonam
914 3840 1081 3916 scripturam
1096 3854 1162 3894 ser-

61 3933 153 3993 uauit.
192 3932 310 3991 Miratus
327 3951 389 3991 sum
408 3932 483 4010 quod
508 3933 662 4011 scripturae
681 3933 739 3991 eius
759 3932 846 3990 multu
864 3934 1008 4009 pauciores
1027 3938 1171 3993 nolanam.

61 4029 100 4089 ah
117 4025 234 4086 Heinsio
251 4044 337 4103 quam
354 4025 533 4102 reliquorum.
572 4026 605 4086 Si
621 4027 739 4087 fortasse
756 4036 814 4084 tam
833 4025 906 4084 male
924 4025 1034 4084 habitus
1051 4023 1123 4107 luitq
1130 4031 1162 4080 ut

62 4120 122 4201 lagi
139 4138 196 4183 uon
214 4121 349 4200 ponant,
366 4129 397 4180 et
413 4118 468 4181 hou
485 4122 600 4184 numme
615 4139 671 4183 anu
684 4123 786 4201 supa
803 4117 975 4200 appellatur,
991 4116 1100 4181 Heiuaii
1110 4114 1164 4178 mi·
