2550 4574
483 261 559 307 tls.
582 260 737 315 PRIMVS

107 415 177 476 lura
197 411 292 476 dabat
312 412 435 494 populis
456 415 560 496 posito
579 414 673 481 modo
693 421 818 498 praetor
837 422 949 499 aratro,

149 516 193 577 Et
212 514 293 577 leuis
313 515 435 599 argenti
458 515 570 580 lamina
591 519 707 582 crimen
726 526 801 583 erat.
838 596 841 609 Ι

107 618 152 681 At
172 625 337 699 postquam
357 618 478 682 tomuna
498 618 560 683 loci
581 628 677 702 eaput
694 620 806 684 extulit
825 619 918 685 huius

146 722 194 805 Et
214 720 323 803 tetigit
343 737 464 783 summo
485 723 604 786 uertice
624 723 726 788 Roma
745 722 834 806 deos,
895 782 901 795 ,
1100 731 1162 786 210

109 824 284 887 Creuerrmt
304 832 338 885 et
358 841 446 904 opeS‚
468 831 502 887 et
522 843 615 908 opum
634 826 751 890 fumosa
772 825 894 909 cupido,

151 928 193 990 nt
214 944 285 989 oum
305 921 487 1006 possideant
507 928 644 1010 plurima,
664 928 751 1009 plura
771 937 893 1012 petunt.

108 1026 267 1108 Quaerere
287 1036 324 1090 ut
343 1028 516 1110 absumant,
537 1029 703 1112 absumpta
723 1032 878 1114 requirere
898 1037 1029 1112 cenant,

151 1133 257 1212 Atque
276 1130 365 1211 ipsae
385 1129 471 1194 uitiis
491 1140 566 1194 sunt
586 1132 732 1197 alimenta
751 1135 852 1199 uices.

110 1234 165 1298 Sic
185 1234 298 1316 quibus
319 1234 463 1297 intumuit
483 1233 605 1298 suffusa
625 1245 735 1299 uenter
755 1234 795 1300 ab
816 1234 910 1317 unda,
1100 1234 1162 1295 215

152 1335 221 1414 Quo
245 1337 317 1418 plus
342 1344 416 1398 sunt
434 1344 548 1419 potae,
578 1337 649 1420 plus
674 1336 819 1401 sitiuntur
839 1354 949 1419 aquae.

109 1441 144 1503 ln
165 1437 266 1522 pretio
285 1439 418 1521 pretium
439 1452 529 1503 nunc·
542 1447 602 1502 est
630 1439 686 1503 dat
705 1456 822 1504 census
841 1439 986 1523 honores,

152 1542 278 1608 Census
298 1543 462 1606 amicitias.
487 1561 606 1625 pauper
624 1541 740 1625 ubique
760 1542 854 1608 iacet

109 1647 160 1710 'l'u
179 1655 286 1709 tamen
305 1643 480 1728 auspicium
500 1644 528 1709 si
548 1645 592 1709 sit
612 1643 706 1728 stipis
721 1645 808 1727 utile,
830 1644 965 1728 qnaeris,

152 1749 277 1831 curque
296 1745 406 1810 iuuerit
425 1755 549 1811 nostras
569 1766 644 1811 aera
663 1755 793 1811 uetusta
810 1765 930 1811 manus.
1100 1751 1163 1809 220

109 1853 195 1914 Aera
215 1850 330 1914 dabant
351 1850 431 1913 olim.
458 1849 569 1913 melius
589 1869 673 1914 nunc
693 1869 785 1913 omen
805 1848 837 1912 in
857 1867 933 1913 auro
954 1857 1017 1932 est,

154 1953 312 2035 Victaque
335 1952 496 2017 noncessit
515 1953 620 2034 prisca
641 1960 766 2016 moneta
785 1970 896 2016 nonae.

110 2056 182 2120 Nos
201 2073 325 2138 quoque
345 2055 462 2137 templa
481 2055 600 2138 iuuant,
620 2055 763 2137 quamuis
782 2053 910 2137 antiqua
929 2051 1105 2138 probemus,

65 2319 164 2377 fenum
182 2319 232 2377 troo
249 2321 279 2376 io
297 2320 356 2378 ioco
375 2318 452 2389 iibri,
472 2327 504 2377 ut
520 2318 639 2391 uidetur,
658 2325 767 2397 promer
788 2321 824 2387 G,
843 2321 890 2394 qui
906 2315 1031 2377 faenum.
1060 2316 1163 2393 subpo·

66 2399 155 2453 suisse
173 2391 322 2468 ΒΓΣῘι.
352 2397 529 2474 supposuisse
547 2398 669 2474 (subp.)
687 2415 738 2454 suo
757 2392 836 2454 ΜΣ
839 2413 890 2453 ms
905 2396 945 2451 40
962 2393 1164 2468 duodeuipiotip

70 2468 163 2548 OTp
181 2490 244 2530 uor.
258 2491 312 2530 scr.
342 2475 519 2549 supposuisse
537 2474 625 2551 pudet
644 2474 712 2546 doso3
733 2473 836 2533 Guor.
851 2490 906 2531 sar.
991 2470 1165 2528 annuebat

66 2551 175 2627 populo
196 2545 352 2607 ΒΟΠΣῑι
372 2554 411 2605 20
429 2558 557 2625 quotuor.
588 2569 656 2627 pop.
676 2551 758 2607 misso
779 2548 862 2607 modo
883 2550 942 2607 BG
957 2565 1065 2606 nouom.
1094 2565 1163 2624 pop.

66 2627 167 2683 missus
186 2626 269 2682 modo
290 2631 339 2683 20.
374 2627 465 2702 posito
485 2646 559 2684 nunc
571 2638 691 2759 praetor
709 2629 750 2684 N.
778 2625 861 2683 modo
880 2626 976 2684 consul
994 2632 1086 2681 aratro
1106 2623 1166 2681 BG

67 2700 126 2773 ΚῘ
134 2704 199 2759 820
216 2701 339 2759 undecim
344 2723 353 2772 ;
375 2699 407 2758 Φ
418 2721 482 2761 our.
493 2721 548 2761 sor.
586 2722 635 2760 ura
650 2703 755 2760 dabant
771 2703 861 2780 posito
876 2702 980 2779 populo
994 2719 1067 2757 nunc
1081 2716 1164 2777 prae·

64 2789 115 2837 tor
135 2796 158 2835 s.
190 2778 275 2835 dabat
293 2779 388 2836 consul
400 2779 505 2856 populo
521 2779 603 2837 modo
617 2781 714 2837 missus
728 2780 821 2837 ar'atro
839 2777 875 2835 T.
908 2778 992 2836 dabat
1008 2776 1098 2854 posito
1111 2794 1165 2908 quo·

65 2855 143 2932 pulis
160 2855 243 2912 modo
261 2864 375 2930 praetor
389 2859 428 2913 D.
504 2861 571 2913 208.
592 2857 720 2914 lammina
736 2861 772 2915 E.
849 2857 916 2912 209.
936 2858 974 2911 At
987 2852 1099 2910 fortuna
1122 2850 1167 2909 oci

65 2941 218 3009 postquam
238 2941 322 3008 caput
343 2928 380 2990 Ο.
410 2932 523 2990 fortuna
543 2933 603 2990 loco
620 2938 674 3006 233
696 2934 794 2991 Geor.
806 2949 862 2990 sor.
891 2931 987 2989 extulit
1005 2929 1061 2986 aito
1084 2928 1165 2986 02³.

69 3008 186 3065 tortuna
204 3009 272 3065 lucis
292 3018 376 3085 caput
396 3011 491 3066 extulit
515 3010 571 3067 alta
591 3013 623 3068 Κ
642 3011 802 3079 (uetustiore
819 3014 901 3076 testo3
925 3009 1070 3064 recentiore
1089 3004 1167 3079 locis,

68 3084 153 3156 alto).
182 3084 272 3161 capud
283 3088 319 3141 E.
396 3091 462 3143 210.
483 3087 572 3161 tetigit
583 3105 702 3143 summos
717 3080 909 3146 nertFfflM
919 3078 1031 3156 ¹15me
1050 3087 1166 3157 septem·

67 3158 171 3230 decium
189 3159 206 3218 b
224 3160 292 3233 fort.
312 3160 363 3218 surb
376 3180 437 3220 aas.
513 3168 580 3219 211.
601 3161 705 3217 furiosa
723 3160 807 3218 libido
826 3158 874 3218 Et
892 3176 956 3228 seu3
975 3157 991 3215 h
1011 3174 1075 3214 our.
1090 3174 1145 3215 sar.

75 3282 80 3287 .
108 3241 181 3294 212.
204 3238 285 3314 plura
306 3238 402 3296 uolunt
421 3242 447 3294 B
465 3241 485 3294 8
503 3245 575 3309 tres3
603 3239 706 3295 Geor.
727 3254 782 3297 sor.
815 3238 898 3312 plura
924 3245 1023 3310 rogant
1042 3237 1090 3290 33.

66 3317 138 3370 213.
158 3315 303 3370 absumerit
321 3331 346 3374 r.
373 3325 405 3372 ut
423 3324 564 3372 assumant
582 3322 722 3390 assumpta
743 3310 789 3384 bf.
817 3312 919 3390 nequir.
940 3319 1047 3367 tentant
1065 3325 1146 3367 ιιιιιιι.

109 3391 177 3450 214.
202 3391 276 3448 uiciis
296 3393 367 3459 EG.
451 3391 519 3447 215.
547 3391 645 3466 quibus
664 3400 693 3446 et
710 3386 853 3460 tumuitf.
890 3390 1009 3445 intumut
1026 3390 1063 3444 Ε.
1099 3384 1167 3443 sub·
1218 3450 1222 3457 ,
1264 3400 1269 3413 ’

67 3464 136 3523 fusa
149 3470 184 3524 P.
261 3470 328 3524 216.
348 3467 414 3536 Quo
433 3477 498 3524 sunt
512 3467 574 3543 plus
590 3478 673 3543 potae
689 3468 725 3524 G.
752 3466 866 3533 Quanto
881 3466 944 3541 plus
956 3474 1039 3541 potae
1052 3460 1076 3534 f.
1103 3461 1167 3538 plus

68 3544 213 3600 siccantur
230 3548 378 3620 suropo.
409 3544 470 3619 plus
489 3544 637 3600 seiciuntur
646 3538 684 3598 Γ.
761 3545 828 3599 217.
868 3542 995 3609 raeciurn,
1013 3556 1063 3616 per
1079 3555 1167 3613 onom.

69 3622 145 3687 DE,
164 3623 205 3677 uti
217 3619 382 3695 plerumque.
410 3638 486 3696 prec.
503 3623 539 3678 G.
559 3620 678 3697 pretium
697 3637 754 3677 non
770 3628 812 3677 est
859 3658 867 3674 .
895 3628 937 3675 est
955 3617 1023 3673 dant
1041 3632 1114 3672 cens.
1129 3617 1166 3672 B.

108 3699 177 3752 218.
197 3697 332 3752 amicicias
353 3695 476 3768 DEGf
490 3696 551 3754 otti.
628 3697 695 3752 219.
716 3704 807 3752 tamen
827 3694 947 3751 officium
966 3693 989 3749 si
1008 3709 1024 3751 r
1040 3709 1098 3748 mn.
1112 3708 1166 3748 seo.

72 3789 154 3845 ausp.
174 3772 250 3828 sitsi
269 3774 333 3848 stip.
354 3775 395 3829 K.
423 3791 502 3848 ausp.
522 3791 572 3828 cur·
589 3771 625 3828 sit
643 3771 662 3828 io
680 3774 796 3847 quisqam
815 3778 842 3828 et
859 3777 925 3828 uott.
941 3772 1023 3844 irupr.
1098 3769 1166 3825 220.

71 3848 200 3923 Cumque
214 3867 242 3921 q.
272 3850 368 3906 iuuant
389 3846 555 3924 quioque.
585 3848 902 3906 iuuentuestrasABG
920 3849 1168 3922 quisquemon.

70 3941 129 3981 scr.
206 3929 272 3980 221.
302 3926 398 3981 melius
424 3933 516 3982 tamen
537 3942 617 3982 omen
639 3928 685 3983 33.
720 3943 794 3982 nunc
818 3941 920 3981 nomen
940 3925 979 3979 D.
1015 3929 1058 3978 est
1076 3936 1168 3993 orep

71 4000 166 4057 1120.
243 4004 310 4058 222.
337 4001 472 4078 Victaque
491 4000 620 4058 successit
639 3998 673 4058 T
687 4000 770 4059 aias.
812 4001 925 4059 recessit
943 3997 1007 4056 duo.
1043 3993 1169 4053 concedit

72 4077 134 4134 BG
145 4079 208 4132 820
220 4075 283 4134 doro.
304 4079 437 4135 concessit
451 4077 540 4154 prima
556 4076 602 4150 fr.
677 4082 746 4137 223.
765 4076 849 4137 Nunc
863 4092 975 4156 quoque
987 4091 1004 4131 a
1016 4071 1081 4131 ᾶιιι.
1099 4088 1167 4148 pm·

71 4153 170 4211 bainus
188 4151 255 4224 doo3
274 4152 359 4228 qloss.
378 4151 425 4214 A.
