2550 4574
122 252 168 301 m
566 242 657 288 rssrr
678 242 778 288 svcrr

126 400 318 478 consignauit,
342 393 460 473 postbac
484 392 551 452 data
570 410 657 472 opera
679 413 732 452 suo
754 394 817 453 looo
836 394 1057 470 enamnbootm3
1084 391 1235 455 docebitur

67 520 70 525 ·
126 497 209 556 etiam
228 512 277 553 cur
294 491 411 549 omissae
428 488 485 545 siut
502 488 531 546 in
551 488 650 547 tabula
664 485 785 567 lapidea.

67 4266 84 4308 L

630 646 798 739 Μ.

201 785 301 843 Fastos
315 778 472 839 Maffeanos
486 777 554 836 nihil
573 777 652 836 uides
670 778 823 853 continere,
842 778 893 836 nisi
913 790 986 856 qnae
1000 776 1116 856 publica
1133 786 1233 836 aucto·

11 922 14 933 .
127 878 208 936 ritate
233 876 354 934 stabilita
380 882 464 948 sunt,
491 891 554 929 oum
574 872 680 929 Qasr
698 872 838 948 Augustus
862 872 950 930 laetos
975 872 1138 931 ordinante
1165 871 1232 931 nillil

70 974 73 979 '
126 970 203 1049 quod
220 969 258 1028 ad
276 986 322 1027 res
339 984 433 1026 sacras
451 984 508 1023 non
528 973 653 1042 spectet,
680 966 810 1042 quoniam
830 980 905 1041 quae
922 964 960 1023 de
978 963 1108 1023 &aeris
1128 964 1229 1023 cuim-

126 1082 181 1140 que
195 1062 316 1119 uictoriis
331 1060 489 1135 medentur,
507 1057 568 1117 dies
580 1057 667 1116 festos
678 1055 848 1115 reddebantr
869 1055 946 1131 nihil,
959 1058 1027 1135 quin
1040 1056 1105 1114 naui
1117 1054 1230 1134 publico

127 1157 156 1213 in
174 1173 207 1213 re
223 1155 365 1231 praesenti
385 1152 549 1211 inseruierit.
589 1151 694 1209 Verum
714 1150 828 1207 minime
851 1150 961 1224 omnia,
984 1168 1060 1229 qnae
1077 1150 1140 1207 eius
1159 1158 1231 1207 tem-

126 1250 202 1326 poris
221 1247 350 1322 religioso
369 1244 462 1320 alicui,
479 1265 528 1323 qur
519 1245 590 1302 uel
609 1242 800 1317 sumendorum
813 1242 1176 1319 nummumque
1185 1260 1231 1301 rs-

123 1360 192 1399 mon
210 1340 368 1399 dulnosum
385 1338 516 1398 debanna
533 1336 632 1398 bebere
649 1336 753 1412 uellet,
771 1336 841 1393 scitu
860 1354 931 1437 opus
950 1342 1060 1411 essent,
1080 1352 1118 1393 ea
1136 1337 1230 1395 tabule

127 1434 264 1491 continet.

204 1527 314 1604 Religio
334 1528 526 1587 &manorum
545 1545 608 1583 oum
629 1525 744 1585 deorum
762 1543 797 1583 ac
820 1525 962 1584 nominum
982 1524 1120 1583 uarietate
1138 1524 1230 1583 Grae-

128 1622 219 1694 ciam,
241 1622 449 1679 cerimoniarum
475 1621 556 1698 copia
581 1620 726 1677 ecelesiam
745 1620 849 1677 Christi
874 1616 1038 1676 catholicam
1064 1619 1232 1699 aequipara·

127 1715 211 1788 uerit,
231 1715 410 1791 interpretem
424 1714 506 1788 longe
521 1712 708 1772 doctissimum
725 1714 893 1790 requirebat.
925 1710 1008 1788 Apud
1022 1712 1152 1769 Graecos
1164 1710 1233 1770 deo·

129 1826 192 1865 mm
210 1806 301 1864 cultus
319 1808 516 1883 plerorumque
535 1825 553 1864 a
576 1806 704 1865 fabuloso
723 1807 840 1865 heroum
858 1815 987 1882 tempore
1004 1805 1117 1863 incertis
1136 1814 1232 1863 aucto·

127 1901 205 1957 ribus
234 1901 430 1978 repetebature
461 1900 580 1957 Romani
605 1902 668 1977 quis
695 1899 912 1977 unuruqnodqne
936 1917 1037 1956 numen
1063 1916 1235 1978 unoquoque

14 2051 18 2060 ,
128 2003 256 2070 tempore
274 1991 521 2065 cemmendauerir,
541 1993 686 2068 diligenter
706 1996 857 2051 curabant:
878 1990 954 2069 apud
967 1990 1118 2050 eatlrolicos
1138 2010 1234 2065 asere-

129 2087 170 2144 nit
195 2086 356 2163 religionum
377 2096 406 2143 et
425 2093 549 2142 castuum
571 2085 735 2160 multitudo,
762 2087 840 2143 uelut
857 2083 932 2162 apud
951 2086 1057 2162 priscos
1075 2086 1234 2160 Romanos,

127 2181 179 2241 sed
196 2200 254 2238 aon
273 2179 397 2239 decreuit
415 2198 525 2253 rursus,
552 2189 583 2237 ut
602 2177 678 2256 apud
696 2180 768 2237 illos.
808 2179 939 2256 Agnoscis
960 2178 1064 2257 duplici
1082 2179 1235 2238 modoini-

128 2276 258 2333 storicsm
277 2276 358 2351 qu‘asi
374 2272 496 2331 indolem
516 2273 557 2329 cei
576 2270 690 2329 diuinae
708 2273 916 2344 Romanorum,
937 2271 1013 2330 unde
1031 2272 1149 2331 scientia
1165 2282 1236 2331 nata

128 2379 173 2426 est
191 2385 307 2441 eorum,
333 2384 407 2443 quae
426 2364 616 2434 obseruanda,
641 2384 752 2443 quaeue
769 2368 833 2425 olim
852 2367 1001 2424 obseruata
1020 2376 1120 2425 essent.
1158 2366 1236 2423 Earn

130 2461 254 2517 notitiam
273 2478 291 2516 a
308 2459 387 2516 fastis
406 2461 488 2516 sacris
507 2459 627 2515 Romani
648 2460 789 2535 petebant,
810 2479 880 2536 quos
897 2460 1002 2537 priuati
1020 2460 1145 2519 homiues
1162 2478 1236 2537 pro·

130 2554 272 2631 ponebant
297 2551 362 2609 inde
386 2553 422 2607 ab
449 2570 523 2608 anno
543 2554 581 2612 V.
602 2552 637 2608 C.
657 2552 724 2609 449.
765 2554 848 2611 Tunc
873 2555 947 2611 enim
970 2555 1092 2632 primum
1112 2554 1143 2613 id
1166 2554 1237 2611 iuris

129 2644 251 2723 populus
271 2646 323 2701 sibi
341 2642 510 2717 uindicauit,
538 2644 613 2719 quod
633 2653 781 2722 postquam
798 2646 902 2704 sactum
921 2656 981 2722 est,
1008 2648 1124 2706 acomit
1149 2648 1236 2705 eriam

129 2738 273 2796 illud-nou
291 2739 411 2795 alienum
434 2737 470 2792 ab
488 2736 613 2811 historia,
631 2747 664 2795 ut
687 2756 780 2795 rerum
799 2757 938 2799 sacrarum
958 2742 1091 2817 temporie
1114 2741 1236 2799 ἀοοιιηιι

130 2833 335 2889 mutatorum
349 2831 496 2887 memoriae
520 2829 688 2888 adderentur
706 2839 861 2908 temporum
881 2834 990 2911 reipub.
1009 2834 1157 2893 Romanae
1174 2854 1236 2893 mo

129 2925 271 2998 nimenta,
296 2925 350 2981 boc
368 2934 411 2982 est
429 2923 536 2981 dierum
557 2925 667 2999 publica
686 2925 777 3001 aliqua
797 2935 847 2982 aut
866 2926 989 3003 fortuna,
1009 2936 1060 2985 aut
1076 2927 1238 2985 calamitate

130 3020 275 3096 insignium
292 3028 388 3075 uotae.
427 3018 501 3073 Hinc
519 3035 627 3074 summa
645 3018 783 3092 quaedam
802 3017 956 3095 doctrinae,
975 3039 1048 3098 quae
1066 3020 1147 3076 lastis
1166 3038 1235 3077 cou-

129 3112 285 3185 tinebatur,
310 3108 412 3169 effecta
437 3119 497 3183 est,
522 3110 653 3167 historiae
675 3110 797 3184 perutile
820 3114 959 3189 quoddam
986 3112 1147 3171 subsidium.
1191 3112 1237 3170 lia

129 3203 243 3260 seientia
266 3204 290 3259 si
314 3221 332 3259 a
357 3204 536 3279 grammatico
562 3203 670 3279 aliquo,
697 3204 793 3278 quales
820 3207 893 3263 bono
918 3208 1087 3284 reipublicae
1107 3188 1237 3283 tempbre

20 3338 24 3346 ,
129 3292 214 3351 inisse
232 3294 342 3368 scimus,
362 3298 454 3354 iudicii
468 3299 496 3353 in
511 3296 608 3353 litteris
626 3295 745 3371 subacti,
762 3299 791 3353 in
809 3301 866 3355 uita
879 3303 974 3376 erecti,
994 3301 1133 3377 explicata
1150 3309 1235 3358 exta-

129 3393 191 3457 ret,
211 3387 322 3459 nescio,
349 3405 385 3444 an
406 3389 435 3445 id
454 3389 656 3445 monimentum
669 3407 777 3465 magna
794 3392 822 3447 in
841 3393 977 3453 breuitate
993 3393 1116 3452 indolem
1135 3394 1237 3471 popnli

127 3478 249 3537 Romani
274 3481 384 3556 egregie
403 3490 636 3556 repraesentaret.
677 3481 737 3539 Sed
761 3482 874 3543 somena
893 3487 998 3561 uoluit,
1025 3496 1057 3543 ut
1080 3504 1140 3563 quo
1159 3496 1237 3543 tem-

127 3590 198 3650 pore
215 3571 243 3629 id
261 3571 323 3628 fieri
341 3573 482 3648 oportuit,
509 3583 636 3648 tempore
655 3584 684 3631 et
703 3575 839 3634 fastorum
859 3579 961 3635 tabulis
979 3579 1101 3636 Romani
1121 3586 1237 3635 uteren-

128 3675 290 3741 turparem
311 3662 586 3722 emendatis.1nde
611 3684 628 3722 a
649 3668 800 3726 Caesarum
825 3680 917 3728 aetate
936 3689 1010 3748 quae
1034 3689 1079 3729 res
1099 3670 1128 3728 iu
1146 3670 1238 3729 fastos

126 3756 221 3814 illatae
238 3766 312 3825 sunt,
333 3758 479 3815 maximam
501 3767 610 3834 partem
630 3770 732 3834 poetae
751 3780 805 3818 non
825 3763 1036 3820 constantissimi
1055 3780 1148 3840 neque
1168 3780 1234 3840 gra·

127 3847 230 3905 nissimi
254 3852 404 3926 praeconio
424 3849 525 3925 dignae
549 3860 623 3907 sunt.
663 3854 766 3910 Verum
791 3860 889 3932 passeis
913 3864 955 3914 cst
973 3855 1238 3984 pbilosepitnndttn,

125 3957 192 3997 narn
210 3945 322 4000 mnino
340 3961 396 4000 non
415 3943 515 4018 placet

201 4031 319 4090 Ouidius
339 4036 422 4109 igitur
440 4035 529 4095 fastos
548 4037 722 4110 Maffennm,
742 4039 795 4096 boc
814 4050 867 4115 est,
887 4058 984 4098 eorum
1003 4039 1146 4116 similes,
1137 4060 1235 4115 nmmo,

123 4133 155 4180 nt
173 4124 376 4202 demonstraui,
404 4130 545 4187 breuitate
571 4143 600 4187 et
623 4133 751 4190 instituto
773 4152 858 4210 quam
877 4134 1027 4193 simillimos
1045 4142 1161 4190 secutus
1181 4144 1237 4208 est,
