2550 4574
89 252 133 299 xl„
530 247 732 295 FEBRVARIVS

94 400 162 463 nulli
181 411 340 482 capersana,
358 407 470 479 praeter
487 398 644 459 Maffeanor
662 406 692 458 et
708 399 927 473 Lambarianor,
945 396 994 476 qui
1011 398 1189 457 amaror

92 499 121 557 ln
139 498 179 555 lx
197 498 257 570 ΚΡ,
285 505 315 554 et
331 512 401 572 quoa
424 494 453 552 in
477 492 616 552 codicibus
635 510 669 552 ex
688 491 785 552 Ouidii
803 494 893 551 uerbia
911 492 1054 553 coniector
1071 494 1189 573 partirer

93 591 192 665 edam,
210 606 327 667 quorum
346 586 457 665 quidam
475 586 528 644 Xll
547 586 594 644 ΚΡ
613 586 724 645 Feralia
743 594 868 664 ponunt,
886 585 960 643 uralo
977 587 1122 663 paucitatis
1141 606 1188 645 uu.

93 683 161 756 567,
180 683 246 740 568.
283 680 316 740 Si
333 681 374 738 ita
392 681 527 738 rationem
544 680 686 753 instituas,
711 680 835 737 undecim
855 678 942 757 pedae
959 680 1112 756 intelligar,
1134 680 1189 741 ari-

94 793 151 854 quo
167 776 195 833 in
214 776 274 853 ipra
292 774 446 843 Quirinalia
467 781 496 830 et
513 773 661 831 stultorum
683 771 767 830 leriae
785 771 895 829 Feralia
912 769 1038 829 incidunt
1056 782 1087 847 et
1103 774 1189 833 iater-

95 869 167 947 preti
185 868 348 926 Fornacalia
373 867 570 925 instaurantur.
608 863 669 923 Nec
693 865 772 923 lubet
793 862 912 922 absurda
934 882 969 922 ea
987 867 1136 944 penequi,
1160 867 1187 925 ia

96 979 169 1040 quae
187 968 340 1039 coguntur,
359 960 407 1037 qni
425 957 535 1016 Feralia
555 955 682 1017 consare
700 959 787 1017 uelint
803 959 831 1015 in
850 958 1030 1017 Terminalia.
1068 960 1189 1019 Neaerae

89 1064 140 1135 ‚ert
157 1054 281 1113 tabulam
295 1050 464 1110 Maffcauam
482 1048 581 1108 reddat
598 1048 724 1110 Ouidius.
762 1052 883 1109 Prinrurn
902 1051 986 1128 igitar
1001 1068 1104 1111 aenaea
1122 1070 1189 1131 poc·

97 1156 155 1205 tarn
174 1156 283 1224 ternpur
307 1145 380 1214 istud
406 1143 561 1221 religionum
586 1145 731 1221 repetiisse
754 1144 856 1203 aKal.
875 1144 971 1219 Febr,
996 1145 1073 1225 quod
1091 1146 1189 1206 eodm

97 1240 183 1317 plane
200 1238 284 1297 raudo
301 1238 369 1296 sccit
386 1254 482 1296 menae
498 1236 576 1295 lunio
595 1238 626 1312 6,
639 1242 706 1296 223.
745 1237 820 1306 Quin
839 1237 924 1314 paulo
941 1240 1069 1317 ruperint
1086 1240 1189 1315 2625

98 1332 290 1390 Fornacaliurn
307 1330 515 1390 indicendorum
529 1340 639 1409 tempor
652 1328 718 1388 inde
731 1346 749 1387 a
761 1329 894 1389 Kalendis
906 1330 1005 1390 eodcm
1015 1330 1101 1391 modo
1115 1350 1188 1391 cour·

99 1426 269 1485 memorauit.
308 1425 369 1483 Nec
398 1425 512 1482 multura
538 1423 661 1501 opinioni
685 1440 765 1481 nacae
789 1424 888 1482 uberae
904 1424 991 1502 butb,
1015 1424 1092 1505 quod
1116 1428 1187 1505 apud

100 1518 191 1577 Cicer.
205 1535 271 1597 epp.
286 1517 322 1576 ad
336 1518 373 1586 Q.
387 1516 423 1575 fr.
436 1523 468 1593 -2,
483 1522 502 1576 3
520 1517 636 1597 legimur
650 1510 768 1574 Atticum
786 1516 934 1594 aliquando
952 1536 1066 1578 uxorem
1084 1518 1183 1578 doricae

100 1608 173 1687 prid.
194 1611 234 1669 ld.
250 1612 334 1669 Febr.
355 1609 446 1668 Codd.
466 1628 529 1669 curu
548 1608 623 1688 apud
640 1609 769 1670 Ouidium
788 1609 910 1671 habeant
926 1614 1002 1669 Darna
1019 1618 1112 1671 toraca
1126 1610 1182 1671 lucr

100 1700 185 1778 fierit,
209 1714 306 1781 poscet
330 1704 358 1761 id
384 1703 420 1762 ad
438 1705 511 1762 illius
530 1705 571 1762 rei
590 1704 794 1762 mancationem
818 1705 960 1779 conuerti,
982 1703 1033 1763 aad
1058 1706 1178 1783 argutia,

101 1814 184 1873 quarn
203 1796 269 1854 mihi
287 1797 388 1874 placet.
422 1796 493 1856 Vtut
510 1806 563 1872 eat,
582 1796 649 1854 illud
667 1796 789 1855 aecundo
807 1797 871 1856 loco
888 1797 953 1855 milri
969 1797 1105 1877 pmnari,
1122 1794 1179 1857 oa

101 1887 176 1946 diurn
203 1889 259 1947 duo
283 1905 360 1948 sacra
387 1899 487 1947 natura
512 1907 564 1947 rua
581 1888 714 1947 simillima
734 1896 764 1947 et
789 1899 914 1967 ternpore
930 1890 1060 1969 contigua
1078 1890 1178 1951 cornui-

100 1983 213 2044 ccuiore.
250 1981 375 2041 Alterum
393 1982 508 2047 suerunt
524 1982 697 2052 Parentalia,
724 1983 856 2058 aabqaae
877 1983 1071 2062 apodatiorria
1093 1986 1179 2045 dlrart

102 2077 160 2135 iarn
178 2076 241 2136 iudo
258 2096 278 2137 a
291 2079 388 2135 Nauae
406 2083 638 2153 ooarratorarrr
655 2073 765 2147 inferiis
781 2075 934 2147 matrona,
953 2087 985 2135 ut
1002 2080 1042 2137 ait
1060 2070 1179 2139 Ausonia

104 2171 195 2251 praei.
209 2171 338 2246 Parent.;
358 2188 414 2228 non
432 2169 515 2246 igitur
525 2167 666 2248 publicum
681 2186 800 2243 aarum,
819 2170 868 2227 red
882 2171 1028 2250 populare,
1046 2174 1179 2233 aaaron

104 2263 201 2321 audiar
218 2283 248 2342 p.
259 2267 307 2335 or,
327 2269 362 2323 13
381 2264 458 2338 Vra,
477 2281 534 2340 quo
554 2263 581 2319 iu
600 2262 730 2320 lemmate
748 2280 847 2322 censeo
864 2265 1068 2326 emendandum
1085 2270 1181 2327 Forna-

106 2355 189 2430 calia,
208 2358 388 2432 Parentalia,
409 2375 444 2415 ne
461 2355 584 2426 Parilia,
603 2372 676 2433 quae
693 2354 766 2413 inter·
782 2358 892 2432 publica
910 2376 989 2417 sacra
1006 2360 1036 2416 in
1053 2358 1127 2417 lar&
1142 2376 1181 2416 re·

106 2447 249 2522 seruntur,
268 2450 447 2532 popularibus
466 2457 679 2522 accenseantur,
698 2466 787 2525 quae,
807 2457 837 2505 nt
855 2449 971 2508 Cariatia
991 2451 1181 2529 Ouidiaua,in

108 2541 217 2611 tabulis,
234 2540 373 2600 Maffeana
392 2542 562 2619 praesertim,
580 2542 641 2599 iure
659 2542 830 2599 omittuntur.
869 2543 911 2599 Eu
932 2544 1014 2621 igitur·
1031 2546 1182 2618 Parentalia,

109 2632 154 2689 uix
173 2650 229 2690 uno
248 2632 294 2691 die
311 2632 436 2706 definita,
455 2650 517 2688 curu
535 2638 642 2709 umam
659 2634 881 2693 Parataliorrrrrr
900 2638 936 2694 rit
953 2638 980 2694 in
1000 2640 1089 2698 ueteri
1106 2638 1182 2719 lapido

106 2724 183 2802 apud
201 2725 322 2803 Neapol.
341 2725 376 2783 ad
396 2724 480 2785 Ouid.
500 2731 530 2800 2,
550 2725 619 2800 537,
640 2746 657 2783 a
676 2727 771 2785 diebus
789 2727 931 2803 feralibus,
950 2732 1016 2790 atrio
1034 2751 1068 2792 ac
1086 2732 1184 2793 uarat

109 2819 136 2875 in
152 2819 248 2876 tabula
260 2816 402 2877 Malleana
420 2826 545 2895 tempore
558 2818 731 2894 dirimuntur,
751 2822 864 2898 quando
878 2823 1020 2883 Macrobio
1035 2836 1105 2886 teate
1121 2834 1146 2903 1,
1156 2828 1185 2883 lb

110 2914 182 2971 utria
208 2911 300 2971 dicbaa
324 2930 381 2972 aaa
406 2912 482 2971 torta
506 2920 653 2990 amatore
679 2925 782 2970 certam
810 2916 847 2972 ab
874 2934 994 2977 caucam
1041 2920 1187 2979 Secundam

110 3003 242 3065 Ouidium
263 3006 392 3064 uidentur
411 3005 542 3063 continuo
563 3006 660 3066 ordine
677 3005 735 3065 dier
753 3007 872 3083 ferales,
897 3010 956 3068 niue
972 3010 1115 3071 februator
1130 3030 1189 3072 con·

110 3101 236 3161 nexuisse
254 3118 317 3159 cnm
335 3100 490 3173 Feralibur,
508 3099 537 3156 ia
556 3118 692 3160 marmore
710 3101 802 3158 littera
820 3102 845 3159 F
863 3103 983 3179 signatio,
1002 3106 1068 3182 quia
1086 3122 1137 3164 aec
1150 3104 1189 3163 lr-

41 3182 45 3191 ’
111 3193 187 3266 riae,
212 3211 264 3251 neo
289 3204 350 3252 ater
373 3194 431 3253 dier
456 3202 567 3268 arent,
591 3194 689 3270 quibur
714 3191 824 3272 publice
846 3196 1008 3274 qoibuodarn
1026 3206 1189 3275 parentam

111 3301 173 3344 errae
192 3286 316 3362 uidetur,
335 3288 438 3358 Bruto,
456 3286 528 3365 Lyd.
548 3288 610 3345 loco
629 3287 698 3362 iud,
718 3289 870 3363 'sarpeiaa
888 3289 984 3362 Tatio,
1001 3288 1117 3367 Dionyr.
1135 3292 1189 3351 nrt

112 3382 143 3452 2,
162 3379 212 3451 40,
230 3377 279 3440 52.
316 3379 363 3437 Ne
385 3382 467 3455 igitur
485 3390 570 3458 poeta
588 3378 646 3438 dior
667 3379 788 3438 nefastos
812 3381 927 3439 tabulae·
940 3380 1099 3442 Maffeauae
1115 3402 1189 3466 prae·

112 3471 218 3528 teriirse
236 3480 360 3549 putetur,
377 3473 533 3549 pareatalro
547 3473 605 3532 dier
622 3492 696 3531 uera.
710 3474 768 3531 548
786 3473 868 3532 iidem
887 3473 1051 3551 habeantur,
1070 3496 1140 3555 quor
1155 3476 1189 3553 fo

112 3561 187 3623 raiae
205 3561 273 3621 dixit
292 3568 323 3638 2,
344 3565 381 3622 34
399 3573 428 3622 et
445 3565 476 3637 5,
494 3567 568 3639 485,
593 3565 824 3647 quemadmodum
845 3569 931 3627 'l'rirra
950 3572 981 3643 a,
1000 3572 1031 3645 3,
1045 3572 1082 3627 81
1101 3569 1189 3645 {mli

114 3673 166 3732 pro
181 3654 369 3733 armatior
388 3657 487 3733 posuit.
526 3658 635 3715 Feralia
654 3677 740 3734 uero,
765 3662 811 3736 qui
831 3671 873 3718 est
891 3662 979 3719 ambio
998 3664 1056 3721 eiua
1074 3666 1189 3743 tempori

114 3748 264 3821 tenninrra,
287 3748 383 3825 utique
406 3748 472 3805 milri
497 3747 607 3806 uidetur
631 3752 750 3811 indicare
774 3752 1093 3815 adamantum
1131 3758 1189 3817 Nar

114 3856 177 3895 cum
197 3838 277 3898 codd.
299 3858 388 3919 aequa
408 3841 546 3919 utrimque
564 3847 727 3903 auctoritate
753 3846 895 3904 discedant
919 3849 948 3905 in
972 3850 1122 3929 scripturas
1142 3870 1189 3913 aar

113 3933 190 3988 arbro
207 3939 305 3991 narba
323 3932 381 3992 diae
398 3945 427 3993 et
445 3938 568 3995 banaiau
587 3944 683 3996 anatra
700 3938 795 4015 ardea
822 3926 945 4016 quarum*
961 3942 1035 3998 iilam
1059 3960 1145 4002 neruo
1163 3962 1189 4004 aa

114 4039 166 4080 nur
185 4041 246 4082 rece
264 4025 415 4103 intelligere
431 4030 550 4107 potabit,
570 4028 639 4088 lraec
657 4033 769 4090 tabulae
783 4031 939 4092 llaffeaaae
957 4045 987 4091 et
1005 4034 1189 4097 Lambeciana

115 4113 286 4185 aduersarer,
305 4121 461 4179 coniectura
479 4132 521 4180 ert
538 4124 692 4205 promenda
707 4124 743 4183 ab
759 4135 876 4209 utraque
894 4128 1029 4211 rorlpmia
1048 4146 1107 4189 non
1126 4132 1189 4212 long
