2550 4574
490 254 566 309 urs.
590 253 773 304 rnnrrvs
1122 240 1185 311 145

179 404 334 490 Spemite.
363 404 533 489 disaipmos
553 407 679 472 attrahit
700 408 752 472 illa
772 424 880 472 nouos
1121 419 1183 478 830

134 506 261 599 Quique
280 525 392 571 moues
415 509 546 592 eaelum,
566 510 765 594 tabulamque
785 511 939 576 eoloribus
958 509 1036 578 uris:

178 606 301 693 Quique
321 607 403 674 freis
423 610 517 676 dueta
535 610 637 675 mollia
656 630 737 676 sexa
755 631 857 703 manu.

133 712 222 776 Mille
243 710 303 774 dee
324 720 375 776 est
395 731 530 795 operum.
560 720 648 777 eerte
669 713 730 778 dea
750 712 895 779 carminis
914 702 1049 783 illaesa

176 813 212 876 Si
232 831 361 896 mereor,
383 814 495 879 studiis
515 815 596 879 assit
616 814 717 880 amiea
737 817 824 881 meis.

132 916 264 981 Caelius
283 936 325 980 ex
344 918 408 981 aito
429 935 492 1001 qua
511 933 602 981 mons
622 916 787 983 deseendit
806 919 839 982 iu
859 935 1003 1004 aequum,
1116 928 1178 988 335

173 1017 245 1100 Hie,
266 1018 320 1081 ubi
338 1035 401 1083 non
421 1020 513 1102 plana
532 1025 593 1100 est,
612 1018 672 1083 sed
690 1040 787 1104 prope
806 1021 900 1103 plana
918 1020 972 1089 uit
991 1030 1053 1108 est,

130 1121 233 1184 Peme
252 1117 329 1186 lieet
347 1120 457 1185 uideas
476 1120 601 1204 Captae
621 1121 749 1188 delubra
767 1122 939 1208 Mineruae,

172 1220 261 1299 Quae
282 1222 342 1286 dee
364 1225 461 1288 natali
481 1223 587 1307 eoepit
606 1224 723 1288 habere
742 1241 810 1287 suo.

126 1325 272 1389 Nominis
290 1325 323 1388 iu
341 1325 433 1390 dubio
454 1344 552 1391 eausa
573 1333 632 1390 est.
662 1324 806 1408 Capitale
827 1344 980 1394 uoeamus

172 1427 334 1512 Ingenium
354 1428 472 1492 sollers
498 1429 664 1513 ingeniosa
684 1427 745 1491 dea
766 1437 825 1492 est
929 1485 931 1490 .
1114 1433 1177 1494 840
1211 1422 1214 1429 ’

128 1531 181 1593 An
201 1530 275 1614 quia
295 1529 336 1593 de
356 1531 471 1612 eapitis
490 1531 587 1596 fertur
606 1530 676 1595 sine
695 1537 794 1611 matre
814 1531 934 1613 paterni

169 1632 300 1696 Vertiee
321 1651 393 1696 eum
414 1634 515 1716 clipeo
535 1631 716 1715 prosiluisse
737 1627 820 1719 suoi

127 1736 180 1798 An
199 1733 272 1817 quia
291 1734 472 1818 perdomitis
492 1733 534 1798 ad
554 1752 613 1798 nos
633 1734 760 1816 captiua
777 1732 927 1799 Faliseis·

169 1831 290 1903 Venit?
315 1846 351 1900 et
370 1837 431 1901 hoe
455 1837 557 1920 ipsum
583 1836 685 1900 littera
704 1835 808 1918 prisea
828 1835 936 1903 doeet:

96 2007 189 2063 830.
217 2004 312 2082 discip.
339 2003 475 2063 contrahit
492 2003 540 2064 A.
580 2006 673 2063 attrait
697 2002 728 2063 Γ
729 2027 739 2081 ;
766 2006 925 2064 0333333.
967 2005 1087 2064 attrahet
1112 2011 1175 2067 Dm

81 2082 211 2157 3333333.
241 2090 342 2139 attraet
365 2083 395 2140 G.
423 2079 544 2140 attrahat
567 2081 722 2140 Gil'alius.
754 2092 818 2138 attr.
837 2081 883 2137 ille
898 2078 945 2137 A.
974 2090 1038 2140 attr.
1058 2084 1117 2159 ipse
1135 2100 1173 2142 33.

102 2158 189 2214 ’831.
213 2161 272 2231 Ita,
292 2158 373 2232 caet,
392 2158 428 2214 D.
446 2159 535 2215 celum
555 2161 591 2215 Ε.
626 2160 733 2214 eoelum
755 2154 801 2215 ⁶?
818 2155 859 2213 ed.
875 2156 939 2213 Elz.
968 2158 1130 2235 tabulasque
1149 2163 1176 2219 F

80 2232 196 2291 180133
213 2250 274 2306 aaa,
293 2240 359 2290 usti.
378 2233 420 2290 ed.
448 2234 586 2291 coloribus
603 2240 683 2309 aptas
703 2238 735 2290 Ε.
765 2232 849 2289 color.
867 2231 963 2308 imples
982 2251 1134 2309 pirenem.

121 2312 189 2366 832.
212 2313 289 2367 Vara.
308 2328 365 2367 mu.
386 2328 439 2368 333.
459 2313 580 2386 scriptur
597 2308 704 2366 uidear
722 2310 752 2365 in
770 2311 809 2364 1).
838 2305 920 2364 docta
939 2309 1013 2365 mitia
1033 2313 1071 2366 D.
1101 2311 1174 2370 mol-

80 2382 122 2443 tin
147 2394 222 2442 serta
246 2382 286 2443 Ψ.
366 2390 432 2443 833.
452 2385 535 2455 ⁸Mille
552 2385 622 2442 haee
640 2394 682 2442 est
706 2387 738 2441 F.
773 2384 900 2440 carminis
918 2383 988 2441 haee
1006 2394 1049 2443 est
1070 2404 1096 2444 r.
1131 2395 1176 2447 ert

79 2460 338 2521 mutauerant.
360 2463 396 2519 0.
471 2463 539 2518 834.
558 2460 630 2518 stud.
651 2461 722 2518 absit
741 2454 781 2518 Φ.
812 2458 883 2517 adsit
900 2455 931 2516 Γ
940 2460 1016 2520 raiae
1028 2479 1064 2519 33
1076 2466 1154 2523 meis.

120 2537 190 2595 835.
210 2538 320 2595 Coelius
334 2533 381 2595 G?
411 2537 504 2594 Celius
522 2537 629 2613 3333333,
648 2544 781 2613 33333333
798 2539 865 2610 suin,
883 2539 1029 2614 uiistrpra.
1058 2558 1114 2615 qua
1132 2541 1173 2598 in·

81 2613 124 2675 ris
144 2612 219 2674 desc.
238 2618 266 2672 E
276 2632 331 2672 ma.
342 2631 386 2691 pr.
415 2615 442 2670 in
461 2632 565 2690 aequor
584 2618 622 2683 Ζς
642 2616 699 2670 Fm
711 2630 774 2671 333.
786 2630 839 2671 aar.
867 2612 895 2670 in
914 2631 1003 2689 aequa
1026 2614 1094 2672 020
1105 2623 1172 2675 tres.

119 2690 188 2747 836.
208 2691 270 2746 Huc
288 2690 337 2746 ubi
354 2689 576 2748 AEMPmma.
584 2708 628 2767 pr.
648 2689 715 2761 8333
736 2691 885 2748 Gennaes.
916 2689 993 2746 Haec
1014 2692 1172 2752 (iuuaret.

81 2764 135 2825 lire
153 2765 203 2822 tibi
226 2765 256 2827 G.
287 2785 339 2842 pro
361 2783 377 2822 e
396 2764 479 2842 plena
498 2771 526 2824 D
539 2785 595 2824 mu.
608 2785 652 2844 pr.
682 2775 725 2824 est
742 2768 831 2843 primo
850 2765 908 2823 ineo
926 2763 980 2822 abt.
1001 2769 1037 2840 Ε,
1056 2767 1173 2826 remando
1225 2824 1228 2829 .

82 2858 176 2901 maer
194 2849 302 2917 praeter
347 2837 609 2901 Π3134133333333
626 2842 791 2903 33333333.
866 2844 933 2898 837.
953 2840 1047 2898 Pauea
1063 2843 1173 2901 lieet'F.

80 2914 170 2977 Plana
188 2919 252 2976 lieet
273 2920 298 2976 0
318 2918 382 2976 duo.
419 2919 540 2996 Templa
557 2919 622 2976 lieet
639 2915 700 2990 Af.
736 2917 829 2976 uideas
848 2918 956 2993 capitae
974 2934 994 2991 p
1011 2921 1173 2992 3333333333
1217 2957 1219 2960 <

81 3008 210 3067 ter-ter.
251 2994 345 3051 uideas
368 2995 458 3071 pictae
482 2999 646 3054 Baramer.
687 2994 782 3051 uideas
807 3001 900 3050 castae
922 2996 1027 3049 33333
1045 2997 1171 3069 quiesque

80 3080 181 3149 eaptus
202 3081 307 3128 recreta
326 3072 391 3128 min.
407 3067 469 3143 Af.
498 3071 558 3128 dei:
575 3088 722 3128 nemeruae
739 3088 822 3128 3333.
832 3086 876 3146 pr.
905 3067 961 3124 del.
980 3066 1079 3126 dianae
1097 3068 1170 3126 Μ.

117 3149 188 3204 838.
213 3144 357 3214 Quaedam
384 3157 442 3204 nat.
464 3153 477 3203 t
495 3145 575 3224 (puto
593 3164 642 3226 per
659 3165 746 3222 eamp-
767 3163 837 3221 qaue
854 3145 938 3200 333333
956 3146 985 3200 ia
1003 3145 1058 3214 Ε);
1076 3162 1171 3219 puer.

77 3218 133 3282 ter.
173 3223 247 3299 cepit
265 3227 334 3280 DE.
369 3225 453 3280 abere
470 3218 508 3280 Γ.
544 3241 622 3300 coep.
643 3241 736 3279 amare
753 3223 901 3293 3133333.
911 3222 958 3276 43.
1039 3222 1105 3276 839.
1129 3229 1172 3278 est
1235 3224 1237 3228 ’

77 3304 134 3359 Μ’.
153 3304 219 3357 tres.
248 3317 377 3356 uouemus
395 3303 441 3357 M.
518 3301 583 3355 840.
604 3299 689 3356 solers
708 3294 872 3356 Eed.Rtrb.
948 3296 1014 3351 841.
1035 3297 1090 3352 Aut
1106 3298 1172 3372 quia

77 3369 364 3447 rewPAZfrsr
382 3379 511 3450 quiaqua3
530 3379 629 3433 Esar.
641 3393 693 3432 333.
725 3373 814 3430 fertur
831 3372 890 3427 sine
908 3389 1022 3428 munere
1038 3372 1124 3447 patris
1141 3389 1170 3446 p.

85 3466 88 3471 ·
114 3451 187 3508 842.
206 3451 251 3507 Ex
269 3451 315 3508 ilio
333 3452 427 3507 iubeat
443 3450 550 3509 Vertite
568 3458 619 3509 ate.
639 3446 676 3507 Γ.
707 3450 785 3507 Vert.
805 3458 864 3504 turn
883 3444 946 3522 clip.
961 3448 996 3503 A
1025 3447 1171 3522 prosiliisse

77 3522 507 3602 BMNOPAitmsaiiquat.
583 3528 649 3584 843.
669 3527 724 3582 Aut
742 3517 1171 3600 quiaretitoztzrraosar
1216 3578 1219 3583 .

77 3609 129 3663 133
149 3601 301 3674 &wdecim
326 3607 425 3662 Euat.
439 3621 492 3662 sot.
530 3603 598 3661 Siue
623 3601 697 3678 quod
724 3601 807 3677 (quia
825 3601 884 3669 41)
908 3598 1053 3657 edomitis
1074 3594 1169 3656 1141.

77 3680 146 3761 puin
164 3679 340 3755 praedomitis
359 3684 415 3738 Pe.
495 3681 562 3737 844.
589 3678 671 3735 Venit
689 3686 719 3734 et
737 3676 842 3752 imperii
862 3675 912 3731 iitt.
932 3692 1012 3731 3333.
1041 3677 1098 3743 lta,
1118 3673 1171 3731 hoe

77 3762 170 3837 psum
190 3755 281 3812 littera
300 3757 400 3831 prisca,
423 3758 601 3814 3133331333
620 3770 683 3822 sem
705 3753 800 3810 0333.
813 3768 867 3808 sar.
892 3750 954 3806 'hoe
971 3751 1061 3826 ipsum
1080 3752 1170 3807 littera

77 3832 168 3891 trima
192 3832 286 3888 ⁶520
304 3830 370 3902 dum
389 3836 559 3890 13333333.
593 3830 646 3885 hoc
664 3831 772 3904 signum
790 3827 882 3884 littera
900 3828 989 3903 prisca
1007 3843 1088 3883 33333.
1116 3823 1170 3882 hoe

77 3902 188 4043 ’ᾖεῖη
211 3908 302 3997 littera
327 3910 416 3984 prima
435 3905 467 3964 A
477 3927 532 3966 mu.
541 3925 592 3964 333.
606 3902 658 3962 ΣΙ)
676 3911 793 3980 quatuor
810 3910 837 3959 et
855 3907 920 3959 aeti.
932 3901 983 3991 naa.
1020 3903 1074 3992 ime
1091 3901 1169 3991 signo

77 3974 1169 4137 mta¹¹t21i¹tittfattt⁸iziiiiii}{litim⁰¹·

108 4153 161 4205 Ori.
176 4152 248 4202 resa.
887 4148 937 4200 ’10
