2550 4574
477 240 608 286 TVSCVM
631 241 779 286 SEOV'PVS
1097 246 1177 303 LXXl

10 406 40 463 ιη
80 390 143 448 radit
154 390 183 447 in
198 390 251 449 XV
263 390 328 449 Kal.
343 389 439 466 Mart,
454 401 544 449 ortum
561 392 745 463 uespertinum
760 390 888 449 Coronae
905 392 1074 467 consignant.
1099 395 1175 455 Nihil

80 482 152 561 igitur
169 482 225 545 hnc
243 485 401 543 coniectura
421 485 600 543 uerisimilius.
621 485 681 542 Cir.
693 485 782 541 Varro
799 503 845 561 ap.
854 484 925 559 Lyd.
936 484 971 541 de
987 505 1071 545 mens.
1086 489 1117 562 4,
1126 488 1174 551 35.

15 610 36 633 ψ
145 576 231 647 Quod
251 577 351 634 dicitur
368 577 444 656 apud
465 576 598 637 Ouidium
616 576 647 651 5,
661 580 729 651 603,
747 578 820 655 prid.
840 577 880 637 ld.
895 578 961 634 Mai.
982 580 1070 636 'l'auri
1089 568 1182 659 capui-

81 671 144 739 crii,
164 668 240 741 uide,
259 669 402 745 flagitetur
421 672 641 730 emendationem
661 669 736 747 apud
754 672 877 726 Tuscum
898 671 934 729 lll
953 671 1007 746 ld,
1035 673 1081 729 ubi
1103 675 1173 751 legi·

80 774 132 821 tur:
160 755 194 820 ui
219 752 313 829 irride<
338 752 465 821 dicutur
492 765 575 842 (cod.
595 756 751 834 λύονται).
783 764 816 822 Si
835 775 926 821 crtum
950 782 1045 821 eorum
1066 765 1109 821 bic
1127 768 1173 827 ille

76 855 239 933 perscripsit,
256 864 371 934 postero
390 857 472 916 etiam
486 859 531 919 die
548 868 632 937 caput
646 856 735 915 Tauri
755 858 837 927 cerni,
856 857 879 912 si
898 875 942 914 res
961 856 1079 932 screbat,
1098 870 1173 920 recte

10 957 41 1013 fl
76 947 185 1007 Ouidius
205 948 322 1025 dixerit,
349 951 390 1009 uti
408 951 543 1010 Geminus
564 970 593 1028 p.
605 953 643 1009 69
662 949 807 1021 Ειιίἀιιι)Ι
818 949 900 1007 etiam
919 961 1026 1026 postea.
1066 953 1106 1009 Ac
1123 954 1172 1031 tri·

10 1066 32 1117 μ
72 1040 121 1099 duo
141 1049 210 1099 ante
228 1041 257 1099 id
281 1042 384 1101 diserte
403 1043 554 1103 tradiderat
574 1041 705 1101 Clodius:
734 1036 784 1100 uui
804 1032 824 1119 ἦ
844 1034 962 1117 κεφαλὴ
982 1043 1036 1100 τοῦ
1056 1038 1171 1124 euripos

10 1160 19 1203 c
69 1127 293 1212 ἀναφαίνεται,
321 1136 396 1215 quod
421 1147 496 1195 certe
513 1130 613 1215 'nequo
639 1155 702 1194 cum
728 1136 775 1193 illo
789 1135 924 1212 'sequenti
950 1135 1078 1195 lemmate
1097 1126 1172 1199 stare

63 1238 169 1306 potest,
190 1246 283 1305 neque
302 1249 365 1287 cum
383 1229 424 1287 bis
444 1232 547 1305 uerbis,
566 1248 638 1308 quae
658 1231 782 1307 proxim
800 1227 988 1306 praecedunt:
1015 1219 1035 1306 ἡ
1058 1227 1092 1289 δὲ
1111 1221 1170 1303 ride

10 1346 14 1389 ι
60 1321 141 1395 (cod.
154 1313 241 1395 citio)
259 1314 375 1381 δύεται.
413 1323 521 1383 Eadem
540 1334 616 1383 certe
634 1322 679 1381 die
698 1331 783 1401 caput
803 1323 891 1380 Tauri
911 1314 982 1379 oriri
993 1331 1022 1380 et
1042 1324 1168 1402 Hyades,

59 1432 137 1493 quae
160 1423 229 1473 sunt
247 1433 353 1473 cornua
376 1417 403 1477 iu
430 1433 480 1491 eo,
508 1415 634 1474 occidere
658 1424 810 1493 nequeunt.
851 1415 946 1484 Quare
965 1414 993 1470 in
1011 1414 1053 1473 bis
1073 1419 1166 1477 uerbis

57 1506 137 1565 aliud
157 1506 226 1587 quid
244 1507 334 1568 latere
352 1517 435 1587 puto,
452 1508 587 1568 fortasse:
605 1501 714 1586 Ὠρίων
730 1500 846 1568 δύεται.
881 1507 953 1565 Nam
971 1506 1025 1565 boc
1040 1511 1100 1587 ipso
1114 1510 1169 1587 die,

58 1598 105 1660 vl
122 1599 165 1661 ld.
183 1600 267 1676 Mai,
292 1602 355 1661 siue
375 1604 412 1660 14
429 1602 562 1673 Paohon,
581 1612 610 1661 et
627 1602 803 1661 Ptolemaeus
823 1621 852 1679 p.
864 1601 940 1659 86C
969 1599 1102 1661 Orionem
1121 1624 1168 1681 ocg

10 1718 17 1725 ·
57 1693 169 1770 cidere,
187 1703 216 1753 at
231 1693 350 1755 Ouidius
369 1696 415 1755 die
433 1697 560 1773 sequenti
577 1694 681 1777 frustra
696 1695 813 1755 eundem
830 1695 926 1773 quaeri
945 1705 1039 1755 narrat
1057 1695 1088 1772 5,
1098 1698 1167 1776 49³,

55 1787 137 1868 quod
157 1788 235 1865 apud
253 1789 383 1847 Clodium
401 1807 465 1848 eum
484 1789 584 1865 legisse
603 1797 724 1866 oportet.

135 1881 204 1941 Pari
228 1881 394 1941 confidentia
419 1881 543 1959 suppleri
568 1882 672 1959 poterit
691 1881 805 1940 Clodius
825 1881 864 1940 Vl
883 1881 926 1940 ld.
945 1884 1063 1960 Apriles.
1100 1885 1167 1943 Du-

53 1978 135 2036 bium
155 1995 214 2035 non
233 1987 287 2048 est,
307 1994 360 2034 neo
378 1986 439 2034 erat
455 1973 531 2053 quod
543 1974 667 2035 idelerus
685 1973 714 2032 id
730 1993 848 2053 operose
869 1985 1015 2050 astrueret,
1035 1976 1168 2037 Ouidium

53 2069 169 2145 &385
194 2070 270 2148 loqui
295 2067 331 2126 de
350 2070 414 2127 Vlll
432 2069 473 2129 ld.
493 2070 574 2147 Apa,
600 2089 656 2147 quc
682 2068 728 2129 die
754 2068 818 2128 fasti
837 2067 1010 2127 Praenestini
1034 2070 1167 2145 lubama
1250 2082 1253 2087 '

54 2161 184 2219 Caesare
198 2161 228 2217 in
242 2160 335 2219 Africa
355 2163 457 2220 uictum
477 2163 600 2221 tradunt.
630 2163 714 2221 Tunc
731 2163 815 2239 igitur
830 2161 915 2219 Libra
934 2162 1049 2220 imbrem
1068 2180 1166 2220 moue·

55 2253 107 2310 bat
122 2264 195 2311 teste
209 2253 323 2314 Ouidio.
350 2255 455 2313 Imbres
467 2256 624 2314 indicantur
636 2255 713 2334 apud
728 2253 856 2315 Clodium
874 2253 934 2311 istis
950 2253 1058 2328 diebus,
1077 2254 1165 2315 Libra

56 2365 115 2403 non
133 2346 279 2405 indicatur.
317 2351 353 2406 At
378 2367 412 2406 eo
433 2348 493 2424 die,
518 2369 574 2426 quo
592 2349 698 2421 Plinius
723 2356 781 2404 nat.
800 2346 861 2402 bist.
884 2350 932 2422 18,
954 2349 991 2404 66
1011 2346 1164 2406 Librarua

59 2439 183 2495 Caesare
208 2451 333 2498 notatam
358 2443 457 2500 tradit:
487 2443 601 2502 Caesari
623 2444 667 2498 Vl
684 2439 753 2498 Idus
771 2437 944 2514 sipuiiicutur
969 2440 1053 2498 iucbcr
1077 2428 1165 2499 librae

60 2549 173 2601 occomt,
190 2553 301 2611 quoque
321 2536 455 2593 Geminus
474 2556 504 2613 p.
516 2538 554 2592 69
575 2535 599 2591 Β
619 2533 672 2590 hoc
692 2533 792 2590 babet:
821 2529 976 2611 Καλίπιιῳ
998 2527 1086 2611 ζυγὸς
1104 2524 1164 2612 ‹ip-

60 2641 149 2697 χεται
167 2619 283 2698 δύνειν,
311 2647 346 2685 eo
370 2630 431 2706 ipso
452 2629 496 2687 die
522 2628 645 2703 stribligo
665 2635 707 2683 est
733 2627 761 2682 in
781 2627 874 2683 uerbis
891 2630 1006 2687 seruatis
1026 2627 1116 2686 Clodii
1134 2638 1164 2687 et

63 2718 176 2777 lacunae
193 2721 322 2778 iudicium
342 2721 416 2798 apud
437 2722 567 2781 Hasium:
587 2719 626 2800 τῇ
648 2711 706 2797 πρὸ
728 2709 754 2793 ς’
775 2713 873 2776 εἰδῶν.
900 2708 938 2778 ‘0
957 2713 1087 2798 ζέφυρος
1105 2711 1162 2799 ὅρ-

66 2809 146 2886 θρου
169 2804 296 2889 ἄρχεται
324 2807 459 2873 δύεσθαι
479 2852 666 2874 .......
694 2812 766 2873 Eam
792 2813 919 2869 lacunam
945 2813 1089 2871 infeliciter
1113 2832 1162 2873 re·

67 2905 171 2963 saraiam
189 2907 343 2966 Leonicum
362 2918 456 2984 patet,
475 2910 522 2987 qui
541 2909 596 2967 ita:
633 2910 684 2967 VI.
704 2908 847 2964 Fauonius
865 2901 935 2977 flore
953 2908 1049 2983 incipit
1066 2913 1161 2965 muiu-

70 2999 136 3055 litro:
163 3000 300 3075 Vergiliae
325 3001 463 3062 occidunt.
516 3001 652 3077 Vergilias
677 2999 748 3056 enim
774 3018 810 3056 ex
835 2999 961 3075 proxime
986 2997 1161 3057 antecedenti

70 3086 187 3149 lemmate
211 3093 320 3168 intulit,
348 3096 395 3152 ubi
421 3096 522 3152 habes:
550 3086 585 3150 τὸ
613 3085 720 3149 λοιπὸν
747 3088 808 3147 τῶν
835 3079 937 3148 ridicu
963 3088 1051 3165 (alius
1073 3089 1160 3150 codex

10 3251 21 3265 ν
72 3174 223 3258 abraditur,
244 3196 273 3244 et
295 3188 432 3264 Vespilics
451 3187 532 3245 uertit
545 3185 696 3256 Leonicus)
715 3176 829 3241 δύεται.
869 3173 911 3238 lta
929 3183 1013 3258 igitur
1030 3185 1159 3249 restitue:
1233 3202 1236 3207 ·

74 3274 105 3352 τῇ
122 3271 176 3353 πρὸ
198 3271 223 3346 ς’
245 3274 344 3339 εἰδῶν.
378 3270 413 3338 Ὀ
433 3275 562 3358 ζέφυρος
583 3271 715 3356 ὄρθρον.
743 3268 884 3349 Ἄρχιιαι
906 3267 1158 3351 ὅύισθανζνγόν.

10 3428 30 3448 -.
75 3369 183 3428 Pendula
201 3371 272 3429 libra
291 3373 472 3448 estproximo
492 3373 574 3430 biduo
589 3389 730 3430 occasura.
759 3367 840 3424 Aliud
860 3369 942 3428 etiarn
956 3369 1059 3435 audeo.
1084 3370 1159 3428 Nam

10 3519 32 3545 .
76 3462 134 3533 quod
147 3465 239 3520 statim
253 3463 377 3541 adiungit
394 3464 522 3540 Ouidius,
542 3462 676 3521 Orionem
690 3480 803 3540 quoque
818 3480 979 3520 occasurum
994 3475 1059 3522 ante
1075 3464 1157 3520 finem

76 3547 281 3633 degustatum,
300 3559 409 3628 mirum,
429 3559 480 3616 nisi
498 3557 572 3615 idem
591 3555 725 3631 temporis
745 3564 877 3631 punctum
897 3566 994 3616 notare
1014 3556 1111 3628 uoluit,
1130 3575 1156 3616 a.

75 3640 228 3706 illidor
248 3654 328 3727 Apu,
356 3653 404 3728 qui
423 3651 481 3707 dies
499 3657 612 3727 praeter
632 3668 717 3706 uuum
736 3648 847 3705 ultianus
866 3659 926 3704 erat
945 3647 1072 3708 ludorum
1094 3666 1156 3704 sce-

10 3726 35 3766 ι’
73 3736 196 3815 uisurum,
217 3751 248 3798 ut
267 3744 341 3820 apud
361 3741 490 3819 Clodium
508 3741 578 3798 haec
596 3741 652 3797 duo
673 3741 839 3814 exciderint,
860 3732 947 3816 ζυγὸν
967 3735 1017 3796 καὶ
1034 3731 1155 3813 Ὠρίων,

71 3830 111 3889 uisi
130 3833 222 3892 deleto
242 3835 364 3919 zepllyro
384 3837 487 3895 mauis:
510 3824 546 3893 Ὁ
567 3826 654 3910 ζυγὸς
674 3829 724 3890 uui
741 3825 859 3908 Ὠρίων’
872 3825 941 3907 day„
963 3824 1105 3889 ticceau.

10 3955 31 4010 ,ᾗ
132 3926 195 3985 Nec
210 3927 346 3986 infelicius
361 3928 488 3986 Clodium
508 3927 648 4005 supplebis
665 3928 800 4005 postridie
819 3923 859 3983 ld.
875 3926 957 3982 biart.
997 3925 1063 3984 Eius
1082 3924 1155 3980 euim

64 4019 194 4080 lemmatis
212 4019 278 4078 nihil
297 4031 392 4081 extare
412 4021 489 4080 uides
504 4019 579 4098 apud
595 4021 720 4095 Hasium,
738 4020 789 4076 uisi
808 4019 890 4076 baec:
912 4011 960 4087 ις’.
981 4015 1019 4097 τῇ
1040 4011 1097 4091 πρὸ
1117 4008 1154 4087 ιζ

10 4153 15 4163 ι
59 4110 213 4177 καλανδῶν
227 4107 390 4195 Auectius
407 4158 416 4178 .
434 4156 443 4174 .
464 4157 473 4176 .
492 4156 517 4174 ..
519 4154 661 4179 ......
699 4115 784 4193 Atqui
802 4111 956 4177 Columella
975 4123 1003 4176 et
1022 4109 1156 4173 Geminus
