2550 4574
103 233 150 304 ,4
553 247 800 295 rusrouvu

215 406 333 472 Festus
355 401 423 485 erit,
444 420 500 485 per
512 419 613 483 ¹quom
632 401 708 483 lege
727 397 835 463 licebit
855 397 920 480 agi.

175 512 247 576 Nec
264 516 330 571 toto
351 514 493 589 perstare
514 504 565 567 die
586 521 645 566 sua
666 503 733 566 iura
753 500 888 583 putaris:

217 610 279 690 Qui
301 611 364 673 iam
385 609 488 671 fastus
511 606 578 691 erit,
600 624 691 668 mane
710 605 855 667 nefastus
877 609 952 664 erat.

176 717 260 779 Nam
282 710 373 775 simul
395 707 551 783 extudeo
573 707 647 770 data
669 715 752 790 sunt,
772 706 848 768 licet
870 703 973 766 omnia
993 702 1050 766 lari

219 816 388 896 Verbaque
410 812 582 874 honoratus
598 810 697 877 libera
719 816 844 892 praetor
864 805 971 869 babet.

176 923 238 984 ldst
259 933 392 1002 quoque,
416 931 477 996 quo
499 912 647 994 populum
665 913 716 976 ius
735 919 786 975 est
806 908 964 978 includere
985 905 1099 990 septis.

220 1024 283 1085 Est
303 1034 437 1102 quoque,
459 1016 512 1098 qui
530 1018 613 1079 nono
632 1032 757 1096 semper
777 1014 818 1077 ab
836 1013 910 1074 orbe
929 1010 1018 1078 rodit.

178 1123 338 1188 vendicat
356 1115 516 1195 Ausonias
535 1119 664 1183 lunonis
690 1134 766 1181 cura
786 1113 949 1178 kalendas.
1208 1116 1243 1172 55

224 1225 331 1287 ldibus
351 1221 423 1284 alba
443 1219 511 1282 Ioui
530 1218 677 1303 grandior
698 1237 782 1303 agna
800 1216 895 1280 cadit.

103 1409 106 1414 Α
181 1330 341 1392 Nonarum
360 1323 460 1386 tutela
480 1321 541 1401 deo
562 1330 657 1385 caret.
699 1319 852 1385 Omnibus
872 1320 953 1402 ucis,
1066 1328 1070 1333 '

224 1431 277 1492 Ne
300 1429 405 1491 fallere
426 1444 516 1509 caue,
534 1425 695 1508 proximus
717 1433 786 1488 ater
807 1425 873 1487 erit.

184 1527 283 1593 0men
303 1531 342 1592 ab
364 1537 482 1592 euentu
503 1535 563 1591 est.
591 1529 653 1592 illis
674 1547 746 1591 uam
767 1527 869 1590 Romu
888 1523 1000 1589 diebus

228 1634 350 1695 Damna
371 1631 430 1693 sub
453 1629 587 1693 aduerso
610 1630 712 1694 tristia
732 1630 836 1692 Marte
857 1628 938 1691 tulit.

186 1735 278 1796 Haeo
296 1733 371 1794 mihi
391 1731 478 1800 mota
499 1733 608 1811 semel,
630 1734 706 1796 totis
725 1732 887 1794 haerentia
905 1729 1007 1809 fastis,

230 1837 284 1900 Ne
305 1833 418 1898 seriem
439 1851 545 1897 rerum
562 1830 706 1909 scindere
728 1851 834 1915 cogar,
853 1839 952 1895 erunt.

116 2004 119 2013 ¹
160 1991 276 2090 'Ecce
299 2019 355 2089 tibi
375 2008 521 2106 faustum,
543 2020 741 2105 Germanice,
759 2021 882 2103 nuntiat
900 2037 1013 2084 annum
1080 2006 1083 2011 ’

231 2128 329 2210 Inque
350 2144 422 2190 meo
444 2126 560 2209 primus
583 2127 719 2189 carmina
740 2126 835 2190 lanus
855 2122 956 2188 adest.

187 2315 235 2373 48.
260 2329 344 2389 quem
362 2312 423 2370 iure
442 2313 535 2371 licebit
553 2312 613 2390 Ap
628 2330 685 2372 mo.
704 2330 748 2392 pr.
769 2319 896 2390 qualeter.
972 2311 1020 2368 49.
1041 2306 1085 2366 Ne
1096 2302 1141 2383 ΙΓ.
1182 2303 1250 2362 Neu

149 2387 322 2464 MTomu.
342 2407 396 2446 seo.
407 2394 455 2446 23.
499 2389 563 2461 Nec
586 2399 648 2447 tuto
674 2393 722 2447 44.
769 2399 828 2447 toto
855 2397 999 2466 praestare
1018 2381 1151 2443 ATem
1176 2389 1248 2440 octo.

150 2467 196 2523 die
215 2476 263 2521 tua
283 2465 344 2521 iura
368 2465 406 2524 T.
434 2474 549 2541 putares
568 2463 597 2523 B
605 2463 642 2522 11
648 2465 679 2522 T
689 2469 771 2523 4041
790 2472 918 2542 quom.
952 2464 1055 2541 putetis
1072 2461 1136 2525 duo.
1168 2468 1250 2537 pute·

54 2556 58 2567 ⁴
151 2543 188 2599 ris
207 2559 289 2598 5555.
367 2544 414 2600 50.
434 2542 491 2608 Qui
509 2542 592 2599 modo
611 2543 698 2600 fastus
718 2540 756 2599 Γ.
782 2543 872 2602 factus
887 2537 928 2599 K.
956 2539 1044 2596 tostus
1062 2546 1124 2596 emt
1142 2536 1248 2594 ormo.

150 2636 195 2696 pc.
227 2615 350 2674 nefastus
369 2619 422 2675 erit
439 2617 465 2674 b.
550 2621 598 2678 51.
616 2619 674 2676 Iam
693 2620 773 2677 simul
791 2615 830 2675 Γ.
914 2618 961 2675 52.
981 2617 1131 2691 Verbaque
1149 2629 1250 2673 onora-

153 2704 197 2753 tus
216 2712 244 2753 5.
284 2694 398 2751 ornatus
421 2693 452 2750 T
467 2713 532 2753 555.
553 2712 607 2752 eor.
646 2695 765 2771 prethoc
783 2698 819 2753 G.
905 2693 953 2750 53.
979 2692 1114 2769 populum
1139 2689 1182 2751 sas
1208 2696 1251 2744 est

153 2766 231 2831 ΑΝ
249 2766 312 2827 dud.
346 2768 453 2846 pupl'm
471 2772 513 2828 ius
533 2780 576 2828 est
594 2772 759 2828 concludere
778 2772 864 2848 ceptIs
884 2767 914 2826 Γ
912 2811 920 2828 .
943 2769 989 2828 ol.
1004 2770 1041 2827 0.-
1057 2768 1143 2844 septio
1162 2763 1190 2822 id
1210 2772 1252 2823 ert

115 2888 120 2899 =
153 2848 252 2923 mortio
272 2864 379 2924 eampo.
462 2845 509 2903 54.
530 2848 597 2904 orbe
617 2848 692 2904 uenit
711 2843 748 2902 Π
759 2865 872 2922 55555.
886 2851 921 2903 41
942 2845 1006 2903 duo.
1037 2840 1251 2903 6155555515

150 2923 254 2982 dicitur
273 2921 375 2980 ferialis
423 2923 468 2980 uia
489 2924 594 2991 nobiles
620 2925 696 2981 ibant
714 2923 750 2990 ud
771 2922 944 2980 salutandum
970 2923 1176 2998 imperatorem.

193 2999 241 3058 55.
260 3003 319 3075 Ilo,
338 2942 439 3070 vend,
460 3001 618 3058 BGEGK
632 3001 726 3075 4641,
744 3000 865 3078 5155156.
894 2998 1023 3061 Vindicat
1041 2996 1180 3071 55195555.
1207 3011 1253 3050 55-

155 3076 252 3151 leudas
272 3094 295 3133 o.
370 3077 417 3134 56.
438 3076 479 3133 ld.
499 3077 545 3134 illa
564 3077 620 3135 ioui
638 3082 688 3136 23.
727 3095 800 3154 agna
817 3076 873 3132 ioui
892 3075 990 3151 grand.
1010 3072 1114 3145 albas.
1155 3068 1252 3147 grand.

156 3148 221 3210 alba
239 3152 311 3209 cadit
331 3148 372 3210 Ψ.
397 3171 470 3225 agna
489 3152 569 3210 cadet
582 3156 601 3210 8
614 3160 743 3228 qualitor.
817 3152 866 3209 57.
885 3152 972 3209 tutela
990 3159 1067 3207 earet
1084 3149 1140 3205 deo
1157 3144 1253 3216 15551

157 3247 234 3301 corr..
261 3239 337 3285 earet
356 3229 428 3287 deest
446 3248 462 3288 r
480 3249 535 3287 mo.
557 3248 599 3305 pr.
676 3230 723 3296 58.
743 3228 841 3286 fallere
862 3247 882 3304 p
900 3246 964 3293 555.
983 3244 1038 3292 scr.
1075 3226 1176 3282 lallare
1189 3222 1253 3280 dier

156 3304 296 3380 proximus
317 3309 377 3378 138
395 3324 507 3377 5555555
529 3302 650 3377 (Dauom
665 3307 793 3376 Heinsio)
804 3301 854 3382 Pp
872 3321 936 3363 555.
949 3321 1004 3362 sor.
1044 3303 1185 3378 proximus
1214 3299 1253 3357 el·

157 3391 201 3438 ter
220 3381 274 3453 erit
293 3380 322 3437 G.
403 3383 452 3440 59.
472 3383 581 3440 Nomen
603 3387 639 3453 F;
664 3400 761 3443 5555.
781 3400 835 3440 sor.
875 3389 918 3439 est
935 3381 1004 3437 illud
1023 3397 1085 3437 nam
1105 3374 1149 3435 K.
1189 3393 1254 3433 nam

157 3454 230 3513 forte
249 3455 345 3513 diebus
367 3460 403 3527 G,
422 3477 493 3517 corr.
511 3478 571 3516 mo.
584 3457 670 3534 55515
689 3476 742 3517 roo.
819 3461 866 3515 60.
887 3457 1016 3533 Dampna
1028 3448 1178 3526 imos.
1202 3452 1254 3510 snb

158 3550 256 3589 auerso
275 3527 412 3591 Adoro.
426 3552 470 3610 pr.
485 3531 551 3592 ΠΛ
564 3537 603 3591 42
617 3542 745 3611 quattuor.
777 3535 828 3590 sub
852 3535 984 3590 immenso
1011 3533 1081 3589 trist.
1104 3534 1154 3586 40.
1189 3526 1254 3586 adu.

157 3607 274 3684 grandia
293 3609 394 3666 damna
406 3615 452 3666 33.
482 3611 573 3668 Marte
592 3617 642 3667 sub
662 3630 690 3668 5.
710 3621 746 3669 tr.
766 3611 867 3667 damna
881 3607 1028 3685 (dampna)
1043 3604 1116 3664 Eub
1132 3609 1171 3662 42
1187 3610 1253 3662 uatl.

155 3687 239 3759 15555.
322 3687 369 3741 61.
396 3687 473 3742 Η555
491 3688 540 3743 tibi
558 3688 631 3744 dicta
649 3684 749 3759 EAs3
779 3688 837 3744 GT
852 3704 993 3757 555555..
1010 3684 1095 3759 91555.
1116 3681 1133 3739 b
1152 3689 1180 3740 el
1199 3680 1254 3738 oll-

158 3768 234 3836 5551.
273 3762 350 3818 11555
369 3772 397 3818 te
416 3761 490 3819 diota
508 3759 551 3820 N.
585 3763 712 3822 herencia
732 3767 766 3822 Ε.
844 3765 891 3819 62.
911 3763 1045 3818 scinctere
1063 3763 1098 3817 E.
1134 3758 1254 3817 condere

158 3841 187 3896 8.
222 3838 355 3895 scandere
375 3840 422 3896 34.
458 3838 576 3897 sundere
595 3842 686 3898 3344.
723 3838 828 3896 findere
848 3845 894 3895 ll.
931 3857 963 3893 co
985 3856 1015 3892 ar
1040 3845 1107 3893 eunt
1127 3832 1169 3896 K.

196 3916 243 3971 63.
263 3915 338 3971 Ecce
356 3914 421 3971 milri
439 3922 520 3973 5555.
548 3915 651 3973 fastum
670 3921 698 3974 E
715 3935 772 3973 ruo.
790 3935 834 3991 pr.
855 3933 926 3973 corr.
983 3910 1012 3969 Σ
1030 3920 1144 3988 septem.
1185 3929 1253 3968 555-

95 4000 114 4033 ⁴·
158 3990 214 4047 ciat
232 3994 303 4050 EG.
393 3992 440 4048 64.
465 4011 527 4049 meo
552 3994 672 4068 primum
696 3989 824 4050 Anum
843 4010 898 4049 uro.
918 3994 999 4066 5555.
1015 3992 1102 4060 (teste
1120 3990 1254 4058 11515555)

146 4063 203 4216 {l}
205 4064 240 4123 N
247 4063 310 4126 ΟΡ
318 4063 385 4128 'fa
396 4066 519 4128 Tblrro
542 4077 568 4127 et
592 4072 692 4144 uiqbrli
719 4068 777 4141 foro
804 4070 956 4128 55555511.
977 4070 1059 4144 irrtpr.
1097 4066 1179 4123 ianus
1205 4065 1253 4122 erit

214 4161 275 4203 555.
