2550 4574
429 295 473 342 Dii
494 294 634 343 neutevs
654 285 766 341 ΙΑῸΒΙΘ
1018 290 1149 341 cxxxi}

49 444 101 506 sed
121 462 207 525 quam
223 442 313 505 Pauio
329 444 410 504 Diae.
428 452 501 505 teste
517 448 547 527 p.
560 450 610 523 lt,
624 447 664 505 10
679 442 800 505 odiost
815 446 933 506 conduct
955 440 1049 523 atqie
1062 444 1149 505 icciu-

50 540 93 599 dit
111 541 142 597 io
163 556 251 617 genos
268 536 404 615 aedificii,
428 542 546 618 eu'mque
563 558 619 600 nou
639 556 775 615 caurum,
793 538 843 597 sed
866 540 926 618 ipsa
944 536 1038 597 Ouidii
1057 544 1151 597 aetatu

51 634 90 692 ibi
102 634 222 712 Βεςίοω
236 630 338 693 iuiscer
355 650 430 713 quae
447 651 515 711 ergo
534 632 571 692 de
588 632 642 692 situ
654 632 762 710 Regiae
776 642 902 691 ueterum
919 630 1073 690 testimonia
1091 631 1151 689 coi·

51 728 120 805 iegit
137 724 350 804 Ambroscirius,
375 740 410 785 aa
428 727 570 806 pertinere
594 728 676 786 etiam
701 725 737 784 ad
757 726 873 784 Atrium.
910 724 1049 803 Perquam
1066 724 1151 800 igitur

52 830 184 880 accurate
203 828 359 879 teneremus
377 820 451 880 hanc
470 838 549 897 rem,
579 818 704 893 simodo
724 827 783 878 tota
801 818 848 875 iiia
867 814 1035 877 Ambroscirii
1052 814 1152 892 diopu-

52 914 123 973 tatiu
138 912 176 972 de
188 911 277 972 Sacra
295 914 341 973 uia
358 913 445 992 uuigo
462 912 543 973 dicta¹
553 914 620 972 satis
638 912 724 972 firmis
739 913 873 970 niteretur
890 910 1067 988 argumentis.
1093 905 1153 965 Or·

53 1004 129 1065 ditur
145 1006 297 1065 mcdcsime
314 1006 351 1064 ab
370 1025 417 1084 eo,
436 1006 556 1067 notem
574 1017 692 1065 tractum
714 1005 828 1064 iudicari
847 1005 938 1063 uerbis
956 999 1151 1062 Varroniaoict

53 1118 125 1178 quur
141 1106 186 1160 eet
201 1119 222 1159 o
239 1099 303 1173 {mo
320 1102 397 1159 scroti
413 1102 532 1179 priourc
549 1100 620 1160 fficio
638 1112 667 1159 et
687 1096 831 1159 versionis
849 1097 895 1156 aei
915 1096 1006 1156 Festic
1035 1112 1056 1153 o
1073 1094 1152 1169 snt·

54 1194 94 1254 ud
110 1192 222 1254 mmo
241 1196 314 1271 repis
330 1192 497 1269 amiati,
522 1195 571 1253 ced
597 1195 764 1274 praecipitat
789 1210 866 1265 rem,
887 1188 955 1248 'cam
976 1188 1069 1248 statim
1090 1185 1153 1264 p.4

52 1306 108 1367 pru
125 1289 273 1367 explorato
290 1288 375 1346 sumit
392 1288 451 1347 eius
470 1287 534 1345 uiae
553 1286 655 1345 nuliam
673 1295 781 1366 partem
799 1284 872 1343 inira
883 1286 983 1342 ciiuum
995 1280 1153 1340 Palatinum

52 1378 140 1441 totae
158 1390 187 1441 et
205 1380 352 1440 conturbat
371 1381 571 1458 quaestionem,
589 1399 654 1439 cum
671 1379 711 1454 id,
731 1376 807 1458 quod
828 1387 934 1436 certum
947 1376 1152 1449 medebatur,
1229 1438 1232 1445 ,

52 1475 189 1533 incertum
208 1473 299 1533 reddit
318 1474 475 1532 coniectura
493 1474 730 1551 pmriruo'rupiue
746 1471 831 1531 ciicor
851 1472 897 1529 uix
915 1469 1154 1529 exercitatissimus

54 1565 155 1645 aiquis
178 1568 217 1626 tta
243 1575 320 1627 recte
345 1567 532 1646 auspicabitur
553 1565 775 1644 disputationem.
821 1565 854 1624 Si
879 1564 994 1642 uulgata
1016 1564 1154 1641 scriptura

54 1660 201 1731 retinetur,
219 1678 302 1740 quam
323 1671 480 1739 suspectam
500 1678 555 1719 nou
576 1659 735 1733 habuerim,
754 1658 889 1737 siguificat
906 1658 979 1715 circa
996 1657 1080 1715 finem
1098 1654 1154 1714 fori

53 1753 154 1811 subter
171 1763 294 1813 montem
315 1745 474 1813 Palatinum
499 1771 560 1812 esse
578 1752 693 1812 Sacram
712 1753 803 1828 uiam,
829 1769 903 1830 quae
925 1752 1009 1828 uulgo
1028 1751 1153 1809 dicaturt

53 1862 173 1904 necesse
198 1856 242 1904 est
259 1865 346 1924 sane,
374 1848 439 1926 quis
462 1847 554 1919 iorum
582 1866 680 1905 uenus
703 1847 836 1905 orientem
863 1844 1051 1923 praecluditur
1069 1845 1154 1919 cliuo,

52 1939 215 1998 accenderit
232 1941 278 1999 uia
296 1942 396 2018 partim
416 1940 443 1997 in
467 1940 590 2014 cliuum,
615 1940 666 1999 sed
683 1941 792 2017 Regia,
816 1949 900 2018 prout
920 1947 963 1997 cst
980 1939 1009 1997 iu
1030 1936 1154 1996 Bunscni

54 2032 175 2109 tabula,
208 2033 254 2091 uei
283 2051 374 2112 prope
398 2033 532 2111 tempium
550 2034 683 2093 'Castoris
707 2052 769 2092 esse
793 2034 900 2112 potuit,
930 2030 1156 2109 quandoquidem

52 2124 152 2183 fornix
177 2126 316 2184 Fabianus
340 2126 393 2184 suit
415 2135 487 2185 teste
511 2126 599 2186 ochoi.
617 2128 645 2186 iu
664 2127 724 2185 Cic.
744 2126 825 2185 Verr.
846 2127 969 2200 1,7,1a
993 2127 1077 2183 iuutu
1095 2127 1156 2182 tto·

53 2221 138 2295 piosa
153 2222 185 2278 io
200 2238 284 2281 sacro
301 2222 353 2279 cto
371 2230 400 2279 et
417 2230 489 2279 teste
502 2222 591 2280 altero
607 2240 637 2299 p.
647 2223 705 2278 399
718 2219 770 2278 Or.
788 2224 852 2297 post
869 2218 999 2298 tempium
1015 2218 1155 2276 datatim

56 2329 126 2369 nam
151 2331 213 2370 cum
238 2314 395 2371 mouerimus
419 2331 454 2373 ex
472 2314 546 2373 Piut.
565 2315 624 2373 Cic.
643 2333 669 2372 c.
682 2318 721 2369 22
740 2312 855 2371 Sacram
875 2313 947 2371 uiam
966 2332 1018 2390 per
1035 2310 1155 2369 medium

58 2403 153 2463 iorum
168 2406 288 2482 duxisse,
306 2424 416 2464 oausam
430 2427 487 2467 nou
507 2409 597 2484 uideo,
619 2427 668 2466 cur
685 2406 777 2465 fornix
792 2406 931 2464 Fabianus
950 2408 1040 2464 iocum
1058 2406 1086 2463 in
1103 2405 1156 2463 via

60 2516 151 2573 noua,
170 2501 217 2558 ubi
235 2510 307 2558 teste
326 2497 430 2560 Ouidio
450 2521 479 2561 u.
491 2506 547 2562 396
566 2503 593 2560 in
612 2501 703 2560 iorum
722 2519 757 2560 ca
775 2502 835 2560 siue
853 2500 968 2558 Sacram
988 2501 1059 2556 ariam
1078 2500 1157 2573 exiit,

61 2589 211 2670 relinquat.
249 2594 293 2650 De
313 2593 401 2651 aitero
421 2594 525 2653 Sacrae
544 2594 605 2652 uiae
624 2596 741 2653 termino
764 2613 819 2653 noa
845 2593 927 2652 uaide
946 2593 1072 2670 refragor
1090 2594 1156 2651 Am·

61 2685 210 2761 hoschia,
237 2686 349 2744 domum
368 2688 441 2765 regis
459 2699 599 2746 sacrorum
618 2687 740 2746 concedo
760 2706 850 2766 prope
867 2707 1009 2746 inscensum
1029 2690 1056 2746 iu
1076 2688 1158 2767 paie-

62 2780 134 2836 tium
150 2779 179 2837 in
198 2798 304 2837 summa
323 2779 410 2841 Sacra
430 2780 590 2856 niustriae,
609 2780 659 2838 sed
678 2799 779 2839 moneo
798 2781 835 2840 de
850 2778 942 2840 Verrii
960 2792 1066 2840 tantum
1085 2791 1157 2841 tem·

62 2889 136 2951 pore
153 2871 183 2929 id
201 2884 344 2950 constarc3
372 2873 565 2932 Ambroscirius
591 2892 654 2932 cum
679 2874 812 2951 tempium
833 2870 937 2932 Vestae
955 2886 1030 2933 recte
1048 2876 1077 2933 in
1096 2875 1159 2934 ioru

63 2975 172 3043 ponat,
191 2966 296 3025 Atrium
316 2968 406 3026 eidem
425 2967 584 3044 contiguum
601 2965 687 3026 inisse
705 2965 868 3037 contendat,
889 2967 935 3024 ubi
954 2970 1044 3027 locum
1063 2968 1160 3045 Dionia

64 3059 178 3133 (sistit
199 3052 254 3133 τὴν
266 3054 369 3136 μέντοι
386 3062 441 3121 τοῦ
453 3052 606 3134 βασιλέως
618 3059 679 3118 τῶν
693 3053 781 3138 ἱερῶν
796 3050 940 3136 (οἴκησιν)
952 3063 1020 3130 ταῖς
1031 3054 1161 3138 οἷειπαρ-Ι

64 3146 172 3220 utica
191 3142 300 3213 itam
319 3149 423 3232 ἐπειδὴ
442 3145 655 3230 ὁμότοιχος
680 3155 749 3223 ταῖς
766 3143 919 3228 οἰκήσεσιν
937 3149 1038 3214 αὐτῶν
1057 3140 1096 3231 ἦν
1119 3156 1162 3213 io·

65 3247 215 3324 terpretari
241 3249 341 3325 satagit
366 3248 402 3306 de
430 3247 528 3307 eadem
555 3250 626 3326 regis
651 3265 792 3306 sacromm
819 3246 848 3303 iu
875 3264 980 3308 summa
1005 3249 1092 3309 Sacra
1117 3250 1164 3309 uia

66 3338 166 3414 domo,
188 3339 255 3425 nihil
273 3342 298 3399 ei
316 3340 430 3419 prodest
442 3342 548 3400 Atrium
568 3340 643 3420 quod
663 3349 727 3419 post
746 3338 844 3396 aedem
863 3340 1000 3402 collocare
1017 3344 1094 3413 uelit,
1114 3344 1167 3402 nisi

67 3433 154 3490 etiam
180 3434 208 3490 io
235 3435 318 3492 totius
337 3433 442 3493 Sacrae
466 3435 529 3493 uiae
553 3433 751 3513 longitudinem
775 3435 938 3511 extraxerit,
963 3447 994 3496 ut
1018 3447 1166 3514 utrumque

67 3526 131 3584 eiua
153 3527 301 3584 terminum
320 3528 454 3605 attingatz
480 3524 544 3586 nam
564 3537 641 3586 recto
660 3524 763 3605 angulo
781 3527 896 3605 Regiam
916 3528 1069 3609 descripsit.
1108 3529 1166 3590 Sed

68 3619 137 3678 mihi
155 3617 286 3699 displicet
297 3621 414 3699 Regiam
433 3622 601 3679 nominatam
620 3621 705 3679 fuisse
723 3621 864 3680 aNumae
883 3621 1066 3700 habitatiooe;
1085 3625 1167 3683 fidem

69 3713 163 3772 habeo
182 3714 282 3773 Seruio
301 3715 338 3773 ad
356 3718 426 3774 Aeo.
442 3718 471 3786 8,
486 3717 543 3773 363
562 3713 699 3773 dedomo
718 3716 793 3793 regis
810 3712 962 3775 sacrificuli.
1000 3716 1169 3777 Ambroscirii

71 3806 109 3866 de
128 3807 182 3866 icoc
201 3808 265 3867 ioco
284 3809 432 3888 disputatio
451 3827 482 3888 p.
491 3809 530 3865 25
549 3825 633 3887 quam
652 3808 718 3867 mihi
736 3810 903 3885 satisfaciat,
922 3827 978 3866 uon
997 3830 1110 3870 necesse
1128 3819 1171 3868 est

73 3902 215 3979 aperiamc
244 3900 409 3980 pontificem,
435 3903 483 3980 qui
500 3912 694 3980 nuncupatur,
719 3922 773 3963 uon
793 3903 904 3962 uidetur
921 3904 1093 3982 perspexisse
1111 3922 1172 3962 esse

72 3994 248 4053 Euandrum.
288 3997 365 4054 Tum
382 3996 512 4070 demum,
537 4014 600 4056 cum
619 3997 754 4056 Caesares
779 3998 923 4077 pontifices
942 3998 1051 4054 maximi
1070 4014 1172 4074 coepe·
1238 4013 1240 4016 ·

72 4097 142 4145 runt
167 4087 293 4146 habitare
315 4088 343 4146 in
368 4089 494 4166 palatio,
517 4088 601 4148 creda
627 4092 680 4149 sub
705 4091 809 4169 palatio
835 4091 864 4148 in
886 4109 995 4148 summa
1014 4090 1103 4148 Sacra
1127 4090 1172 4147 uia

74 4181 161 4240 aedes
180 4180 260 4240 datas
278 4182 388 4260 publice
407 4182 466 4261 regi
484 4201 636 4261 sacrorum,
655 4185 703 4263 qui
721 4203 795 4245 anno
808 4188 848 4245 V.
863 4185 897 4244 C.
911 4186 966 4242 741
981 4184 1072 4242 nulius
1089 4181 1173 4242 icisse

74 4277 173 4353 utique
192 4274 309 4335 uidetur.
