<?xml version="1.0" encoding="UTF-8"?>
<!DOCTYPE html PUBLIC "-//W3C//DTD XHTML 1.0 Transitional//EN"
    "http://www.w3.org/TR/xhtml1/DTD/xhtml1-transitional.dtd">
<html xmlns="http://www.w3.org/1999/xhtml" xml:lang="en" lang="en">
 <head>
  <title>
</title>
<meta http-equiv="Content-Type" content="text/html;charset=utf-8" />
  <meta name='ocr-system' content='tesseract 3.04.00' />
  <meta name='ocr-capabilities' content='ocr_page ocr_carea ocr_par ocr_line ocrx_word'/>
</head>
<body>
  <div class='ocr_page' id='page_1' title='image "./fastorumlibrise01ovidgoog_0297.png"; bbox 0 0 2550 4574; ppageno 0'>
   <div class='ocr_carea' id='block_1_1' title="bbox 152 270 766 335">
    <p class='ocr_par' dir='ltr' id='par_1_1' title="bbox 152 270 766 335">
     <span class='ocr_line' id='line_1_1' title="bbox 152 270 766 335; baseline -0.013 0"><span class='ocrx_word' id='word_1_1' title='bbox 152 272 330 335; x_wconf 67' lang='lat' dir='ltr'>ccxxxxtr-</span> <span class='ocrx_word' id='word_1_2' title='bbox 628 270 766 328; x_wconf 82' lang='lat' dir='ltr'>coorcc&#39;s</span> 
     </span>
    </p>
   </div>
   <div class='ocr_carea' id='block_1_2' title="bbox 85 415 1273 1824">
    <p class='ocr_par' dir='ltr' id='par_1_2' title="bbox 85 415 1273 1824">
     <span class='ocr_line' id='line_1_2' title="bbox 151 415 1273 521; baseline 0.004 -23"><span class='ocrx_word' id='word_1_3' title='bbox 151 439 253 502; x_wconf 75' lang='lat' dir='ltr'>cestim</span> <span class='ocrx_word' id='word_1_4' title='bbox 271 422 337 519; x_wconf 78' lang='lat' dir='ltr'>quid</span> <span class='ocrx_word' id='word_1_5' title='bbox 356 432 393 494; x_wconf 87' lang='lat' dir='ltr'>dc</span> <span class='ocrx_word' id='word_1_6' title='bbox 411 432 514 514; x_wconf 87' lang='lat' dir='ltr'>scripto</span> <span class='ocrx_word' id='word_1_7' title='bbox 531 432 603 494; x_wconf 87' lang='lat' dir='ltr'>libro</span> <span class='ocrx_word' id='word_1_8' title='bbox 621 433 760 503; x_wconf 80' lang='lat' dir='ltr'>indicare,</span> <span class='ocrx_word' id='word_1_9' title='bbox 782 438 867 512; x_wconf 77' lang='lat' dir='ltr'>qoem</span> <span class='ocrx_word' id='word_1_10' title='bbox 885 415 922 493; x_wconf 82' lang='lat' dir='ltr'>de</span> <span class='ocrx_word' id='word_1_11' title='bbox 940 418 1089 521; x_wconf 69' lang='lat' dir='ltr'>Yrsiolroo</span> <span class='ocrx_word' id='word_1_12' title='bbox 1108 422 1243 502; x_wconf 57' lang='lat' dir='ltr'>colosso</span> <span class='ocrx_word' id='word_1_13' title='bbox 1271 454 1273 487; x_wconf 73' lang='grc' dir='ltr'>Ι</span> 
     </span>
     <span class='ocr_line' id='line_1_3' title="bbox 149 526 1241 615; baseline 0.001 -25"><span class='ocrx_word' id='word_1_14' title='bbox 149 534 257 614; x_wconf 76' lang='lat' dir='ltr'>pinsum</span> <span class='ocrx_word' id='word_1_15' title='bbox 276 527 371 603; x_wconf 80' lang='lat' dir='ltr'>lrabni,</span> <span class='ocrx_word' id='word_1_16' title='bbox 389 544 445 586; x_wconf 91' lang='lat' dir='ltr'>nors</span> <span class='ocrx_word' id='word_1_17' title='bbox 464 536 557 586; x_wconf 83' lang='lat' dir='ltr'>tamen</span> <span class='ocrx_word' id='word_1_18' title='bbox 575 529 710 607; x_wconf 84' lang='lat' dir='ltr'>integram</span> <span class='ocrx_word' id='word_1_19' title='bbox 728 526 911 588; x_wconf 85' lang='lat' dir='ltr'>collationem.</span> <span class='ocrx_word' id='word_1_20' title='bbox 948 529 1034 599; x_wconf 87' lang='lat' dir='ltr'>Quod</span> <span class='ocrx_word' id='word_1_21' title='bbox 1052 531 1139 607; x_wconf 77' lang='lat' dir='ltr'>igitur</span> <span class='ocrx_word' id='word_1_22' title='bbox 1152 540 1241 615; x_wconf 80' lang='lat' dir='ltr'>saepi·</span> 
     </span>
     <span class='ocr_line' id='line_1_4' title="bbox 149 620 1273 708; baseline 0 -22"><span class='ocrx_word' id='word_1_23' title='bbox 149 640 267 689; x_wconf 84' lang='lat' dir='ltr'>numero</span> <span class='ocrx_word' id='word_1_24' title='bbox 284 623 328 701; x_wconf 87' lang='lat' dir='ltr'>lit,</span> <span class='ocrx_word' id='word_1_25' title='bbox 347 628 380 680; x_wconf 91' lang='lat' dir='ltr'>ut</span> <span class='ocrx_word' id='word_1_26' title='bbox 398 635 461 678; x_wconf 87' lang='lat' dir='ltr'>com</span> <span class='ocrx_word' id='word_1_27' title='bbox 477 622 562 681; x_wconf 74' lang='lat' dir='ltr'>amini</span> <span class='ocrx_word' id='word_1_28' title='bbox 581 642 636 681; x_wconf 92' lang='lat' dir='ltr'>noo</span> <span class='ocrx_word' id='word_1_29' title='bbox 656 620 824 702; x_wconf 87' lang='lat' dir='ltr'>poenitenda</span> <span class='ocrx_word' id='word_1_30' title='bbox 844 621 975 698; x_wconf 83' lang='lat' dir='ltr'>subsidia,</span> <span class='ocrx_word' id='word_1_31' title='bbox 995 626 1152 702; x_wconf 82' lang='lat' dir='ltr'>potuissent</span> <span class='ocrx_word' id='word_1_32' title='bbox 1168 628 1239 708; x_wconf 70' lang='lat' dir='ltr'>pluer</span> <span class='ocrx_word' id='word_1_33' title='bbox 1271 692 1273 705; x_wconf 40' lang='grc' dir='ltr'>Ι</span> 
     </span>
     <span class='ocr_line' id='line_1_5' title="bbox 150 716 1238 801; baseline 0.001 -21"><span class='ocrx_word' id='word_1_34' title='bbox 150 720 265 794; x_wconf 80' lang='lat' dir='ltr'>edesse,</span> <span class='ocrx_word' id='word_1_35' title='bbox 284 736 330 776; x_wconf 89' lang='lat' dir='ltr'>res</span> <span class='ocrx_word' id='word_1_36' title='bbox 347 733 383 774; x_wconf 89' lang='lat' dir='ltr'>eo</span> <span class='ocrx_word' id='word_1_37' title='bbox 402 733 491 793; x_wconf 85' lang='lat' dir='ltr'>usque</span> <span class='ocrx_word' id='word_1_38' title='bbox 509 727 709 794; x_wconf 82' lang='lat' dir='ltr'>promereatur</span> <span class='ocrx_word' id='word_1_39' title='bbox 727 735 783 794; x_wconf 89' lang='lat' dir='ltr'>qno</span> <span class='ocrx_word' id='word_1_40' title='bbox 802 724 921 795; x_wconf 73' lang='lat' dir='ltr'>potest,</span> <span class='ocrx_word' id='word_1_41' title='bbox 935 716 964 775; x_wconf 92' lang='lat' dir='ltr'>id</span> <span class='ocrx_word' id='word_1_42' title='bbox 983 718 1043 776; x_wconf 88' lang='lat' dir='ltr'>sine</span> <span class='ocrx_word' id='word_1_43' title='bbox 1061 717 1149 781; x_wconf 83' lang='lat' dir='ltr'>dubio</span> <span class='ocrx_word' id='word_1_44' title='bbox 1167 722 1238 801; x_wconf 72' lang='lat' dir='ltr'>pile</span> 
     </span>
     <span class='ocr_line' id='line_1_6' title="bbox 149 808 1268 895; baseline 0.001 -22"><span class='ocrx_word' id='word_1_45' title='bbox 149 812 215 873; x_wconf 82' lang='lat' dir='ltr'>itlti.</span> <span class='ocrx_word' id='word_1_46' title='bbox 254 808 328 869; x_wconf 86' lang='lat' dir='ltr'>Nilil</span> <span class='ocrx_word' id='word_1_47' title='bbox 348 816 401 884; x_wconf 88' lang='lat' dir='ltr'>est,</span> <span class='ocrx_word' id='word_1_48' title='bbox 420 811 498 887; x_wconf 91' lang='lat' dir='ltr'>quio,</span> <span class='ocrx_word' id='word_1_49' title='bbox 517 821 650 888; x_wconf 83' lang='lat' dir='ltr'>quantum</span> <span class='ocrx_word' id='word_1_50' title='bbox 669 809 816 889; x_wconf 89' lang='lat' dir='ltr'>potuerim,</span> <span class='ocrx_word' id='word_1_51' title='bbox 836 808 872 867; x_wconf 91' lang='lat' dir='ltr'>ad</span> <span class='ocrx_word' id='word_1_52' title='bbox 892 809 1016 868; x_wconf 89' lang='lat' dir='ltr'>codicum</span> <span class='ocrx_word' id='word_1_53' title='bbox 1036 809 1238 895; x_wconf 67' lang='lat' dir='ltr'>idoneotomel</span> <span class='ocrx_word' id='word_1_54' title='bbox 1265 852 1268 857; x_wconf 94' lang='lat'>-</span> 
     </span>
     <span class='ocr_line' id='line_1_7' title="bbox 149 903 1236 984; baseline -0.001 -17"><span class='ocrx_word' id='word_1_55' title='bbox 149 912 280 967; x_wconf 86' lang='lat' dir='ltr'>accurate</span> <span class='ocrx_word' id='word_1_56' title='bbox 298 920 473 962; x_wconf 69' lang='lat' dir='ltr'>excussorum</span> <span class='ocrx_word' id='word_1_57' title='bbox 486 903 570 962; x_wconf 80' lang='lat' dir='ltr'>fidem</span> <span class='ocrx_word' id='word_1_58' title='bbox 591 905 788 962; x_wconf 86' lang='lat' dir='ltr'>reuocauerim.</span> <span class='ocrx_word' id='word_1_59' title='bbox 826 904 862 961; x_wconf 90' lang='lat' dir='ltr'>Hi</span> <span class='ocrx_word' id='word_1_60' title='bbox 881 904 967 962; x_wconf 87' lang='lat' dir='ltr'>sicubi</span> <span class='ocrx_word' id='word_1_61' title='bbox 986 922 1032 964; x_wconf 89' lang='lat' dir='ltr'>me</span> <span class='ocrx_word' id='word_1_62' title='bbox 1050 905 1236 984; x_wconf 54' lang='lat' dir='ltr'>destitucione</span> 
     </span>
     <span class='ocr_line' id='line_1_8' title="bbox 147 996 1236 1078; baseline -0.001 -16"><span class='ocrx_word' id='word_1_63' title='bbox 147 1000 225 1063; x_wconf 84' lang='lat' dir='ltr'>uolui</span> <span class='ocrx_word' id='word_1_64' title='bbox 243 1016 340 1058; x_wconf 87' lang='lat' dir='ltr'>eorum</span> <span class='ocrx_word' id='word_1_65' title='bbox 360 996 425 1055; x_wconf 88' lang='lat' dir='ltr'>uitia</span> <span class='ocrx_word' id='word_1_66' title='bbox 449 996 585 1074; x_wconf 80' lang='lat' dir='ltr'>reddere,</span> <span class='ocrx_word' id='word_1_67' title='bbox 612 997 791 1074; x_wconf 72' lang='lat' dir='ltr'>circumspexi</span> <span class='ocrx_word' id='word_1_68' title='bbox 808 1005 857 1055; x_wconf 89' lang='lat' dir='ltr'>aut</span> <span class='ocrx_word' id='word_1_69' title='bbox 876 998 989 1057; x_wconf 87' lang='lat' dir='ltr'>minoris</span> <span class='ocrx_word' id='word_1_70' title='bbox 1007 1000 1049 1059; x_wconf 90' lang='lat' dir='ltr'>rei</span> <span class='ocrx_word' id='word_1_71' title='bbox 1072 1000 1173 1078; x_wconf 80' lang='lat' dir='ltr'>libros,</span> <span class='ocrx_word' id='word_1_72' title='bbox 1195 1010 1236 1061; x_wconf 84' lang='lat' dir='ltr'>aut</span> 
     </span>
     <span class='ocr_line' id='line_1_9' title="bbox 148 1088 1234 1170; baseline 0.001 -16"><span class='ocrx_word' id='word_1_73' title='bbox 148 1095 239 1155; x_wconf 87' lang='lat' dir='ltr'>minus</span> <span class='ocrx_word' id='word_1_74' title='bbox 258 1097 437 1170; x_wconf 81' lang='lat' dir='ltr'>perspectos,</span> <span class='ocrx_word' id='word_1_75' title='bbox 462 1090 540 1150; x_wconf 88' lang='lat' dir='ltr'>uelut</span> <span class='ocrx_word' id='word_1_76' title='bbox 561 1088 636 1168; x_wconf 81' lang='lat' dir='ltr'>opud</span> <span class='ocrx_word' id='word_1_77' title='bbox 655 1090 831 1169; x_wconf 79' lang='lat' dir='ltr'>Propertium</span> <span class='ocrx_word' id='word_1_78' title='bbox 851 1091 1034 1170; x_wconf 88' lang='lat' dir='ltr'>Groningaoo</span> <span class='ocrx_word' id='word_1_79' title='bbox 1056 1090 1131 1154; x_wconf 86' lang='lat' dir='ltr'>libro</span> <span class='ocrx_word' id='word_1_80' title='bbox 1151 1112 1234 1155; x_wconf 86' lang='lat' dir='ltr'>succe·</span> 
     </span>
     <span class='ocr_line' id='line_1_10' title="bbox 146 1182 1233 1269; baseline 0 -21"><span class='ocrx_word' id='word_1_81' title='bbox 146 1188 219 1248; x_wconf 91' lang='lat' dir='ltr'>dunt</span> <span class='ocrx_word' id='word_1_82' title='bbox 232 1191 362 1262; x_wconf 88' lang='lat' dir='ltr'>excerpta</span> <span class='ocrx_word' id='word_1_83' title='bbox 376 1182 490 1244; x_wconf 86' lang='lat' dir='ltr'>Perreli.</span> <span class='ocrx_word' id='word_1_84' title='bbox 519 1184 614 1262; x_wconf 83' lang='lat' dir='ltr'>Atqui,</span> <span class='ocrx_word' id='word_1_85' title='bbox 636 1183 718 1242; x_wconf 87' lang='lat' dir='ltr'>audio</span> <span class='ocrx_word' id='word_1_86' title='bbox 739 1183 887 1259; x_wconf 85' lang='lat' dir='ltr'>dicentem,</span> <span class='ocrx_word' id='word_1_87' title='bbox 907 1184 977 1245; x_wconf 87' lang='lat' dir='ltr'>liber</span> <span class='ocrx_word' id='word_1_88' title='bbox 990 1186 1233 1269; x_wconf 78' lang='lat' dir='ltr'>Vrsinianospots·</span> 
     </span>
     <span class='ocr_line' id='line_1_11' title="bbox 146 1274 1231 1357; baseline 0.005 -19"><span class='ocrx_word' id='word_1_89' title='bbox 146 1289 191 1341; x_wconf 81' lang='lat' dir='ltr'>rat</span> <span class='ocrx_word' id='word_1_90' title='bbox 209 1278 318 1357; x_wconf 84' lang='lat' dir='ltr'>Romae</span> <span class='ocrx_word' id='word_1_91' title='bbox 336 1274 428 1335; x_wconf 80' lang='lat' dir='ltr'>d&#39;eouo</span> <span class='ocrx_word' id='word_1_92' title='bbox 454 1276 590 1352; x_wconf 82' lang='lat' dir='ltr'>conferri,</span> <span class='ocrx_word' id='word_1_93' title='bbox 618 1294 655 1335; x_wconf 92' lang='lat' dir='ltr'>ue</span> <span class='ocrx_word' id='word_1_94' title='bbox 680 1285 754 1335; x_wconf 86' lang='lat' dir='ltr'>essct</span> <span class='ocrx_word' id='word_1_95' title='bbox 777 1277 949 1355; x_wconf 82' lang='lat' dir='ltr'>incognitior.</span> <span class='ocrx_word' id='word_1_96' title='bbox 989 1278 1096 1340; x_wconf 80' lang='lat' dir='ltr'>Fateor</span> <span class='ocrx_word' id='word_1_97' title='bbox 1119 1300 1164 1342; x_wconf 87' lang='lat' dir='ltr'>me</span> <span class='ocrx_word' id='word_1_98' title='bbox 1185 1300 1231 1342; x_wconf 79' lang='lat' dir='ltr'>uos</span> 
     </span>
     <span class='ocr_line' id='line_1_12' title="bbox 147 1370 1233 1453; baseline 0.005 -23"><span class='ocrx_word' id='word_1_99' title='bbox 147 1371 331 1453; x_wconf 85' lang='lat' dir='ltr'>quaesiuisse,</span> <span class='ocrx_word' id='word_1_100' title='bbox 355 1388 421 1428; x_wconf 89' lang='lat' dir='ltr'>num</span> <span class='ocrx_word' id='word_1_101' title='bbox 447 1371 567 1448; x_wconf 88' lang='lat' dir='ltr'>supersit</span> <span class='ocrx_word' id='word_1_102' title='bbox 591 1370 620 1429; x_wconf 89' lang='lat' dir='ltr'>io</span> <span class='ocrx_word' id='word_1_103' title='bbox 639 1370 745 1428; x_wconf 89' lang='lat' dir='ltr'>scriniis</span> <span class='ocrx_word' id='word_1_104' title='bbox 764 1370 915 1430; x_wconf 78' lang='lat' dir='ltr'>Vaticanis.</span> <span class='ocrx_word' id='word_1_105' title='bbox 953 1372 1011 1432; x_wconf 81' lang='lat' dir='ltr'>Sed</span> <span class='ocrx_word' id='word_1_106' title='bbox 1030 1375 1097 1432; x_wconf 87' lang='lat' dir='ltr'>satis</span> <span class='ocrx_word' id='word_1_107' title='bbox 1116 1374 1180 1435; x_wconf 81' lang='lat' dir='ltr'>ntlt</span> <span class='ocrx_word' id='word_1_108' title='bbox 1196 1382 1233 1435; x_wconf 82' lang='lat' dir='ltr'>ss</span> 
     </span>
     <span class='ocr_line' id='line_1_13' title="bbox 146 1463 1233 1547; baseline 0 -23"><span class='ocrx_word' id='word_1_109' title='bbox 146 1465 335 1546; x_wconf 87' lang='lat' dir='ltr'>quaestionem</span> <span class='ocrx_word' id='word_1_110' title='bbox 354 1464 535 1522; x_wconf 86' lang='lat' dir='ltr'>commouisse</span> <span class='ocrx_word' id='word_1_111' title='bbox 558 1464 761 1541; x_wconf 82' lang='lat' dir='ltr'>ingeniosorum</span> <span class='ocrx_word' id='word_1_112' title='bbox 780 1463 902 1522; x_wconf 87' lang='lat' dir='ltr'>uirorum</span> <span class='ocrx_word' id='word_1_113' title='bbox 920 1466 1099 1526; x_wconf 88' lang='lat' dir='ltr'>contentione</span> <span class='ocrx_word' id='word_1_114' title='bbox 1120 1467 1233 1547; x_wconf 76' lang='lat' dir='ltr'>dignu,</span> 
     </span>
     <span class='ocr_line' id='line_1_14' title="bbox 144 1555 1230 1642; baseline 0.002 -22"><span class='ocrx_word' id='word_1_115' title='bbox 144 1560 174 1620; x_wconf 88' lang='lat' dir='ltr'>in</span> <span class='ocrx_word' id='word_1_116' title='bbox 193 1576 249 1638; x_wconf 81' lang='lat' dir='ltr'>que</span> <span class='ocrx_word' id='word_1_117' title='bbox 267 1556 352 1617; x_wconf 90' lang='lat' dir='ltr'>credo</span> <span class='ocrx_word' id='word_1_118' title='bbox 370 1557 493 1616; x_wconf 86' lang='lat' dir='ltr'>nonnihil</span> <span class='ocrx_word' id='word_1_119' title='bbox 512 1558 594 1615; x_wconf 83' lang='lat' dir='ltr'>etiam</span> <span class='ocrx_word' id='word_1_120' title='bbox 614 1558 683 1615; x_wconf 83' lang='lat' dir='ltr'>citra</span> <span class='ocrx_word' id='word_1_121' title='bbox 703 1558 788 1634; x_wconf 80' lang='lat' dir='ltr'>Alpes</span> <span class='ocrx_word' id='word_1_122' title='bbox 807 1555 948 1617; x_wconf 81' lang='lat' dir='ltr'>diiudicari</span> <span class='ocrx_word' id='word_1_123' title='bbox 967 1576 1066 1637; x_wconf 87' lang='lat' dir='ltr'>posse,</span> <span class='ocrx_word' id='word_1_124' title='bbox 1086 1556 1230 1642; x_wconf 72' lang='lat' dir='ltr'>rdqued</span> 
     </span>
     <span class='ocr_line' id='line_1_15' title="bbox 85 1645 1230 1733; baseline 0.003 -22"><span class='ocrx_word' id='word_1_125' title='bbox 85 1646 89 1653; x_wconf 86' lang='grc'><strong>’</strong></span> <span class='ocrx_word' id='word_1_126' title='bbox 144 1650 275 1733; x_wconf 81' lang='lat' dir='ltr'>idplura</span> <span class='ocrx_word' id='word_1_127' title='bbox 293 1651 406 1729; x_wconf 84' lang='lat' dir='ltr'>requiri,</span> <span class='ocrx_word' id='word_1_128' title='bbox 426 1666 511 1729; x_wconf 86' lang='lat' dir='ltr'>quam</span> <span class='ocrx_word' id='word_1_129' title='bbox 530 1669 603 1729; x_wconf 90' lang='lat' dir='ltr'>quae</span> <span class='ocrx_word' id='word_1_130' title='bbox 622 1661 689 1709; x_wconf 85' lang='lat' dir='ltr'>nota</span> <span class='ocrx_word' id='word_1_131' title='bbox 709 1645 1230 1729; x_wconf 63' lang='grc' dir='ltr'>ριιι11515ιί551ιιιιιιιίιίοοᾶίιοῗι-Ι</span> 
     </span>
     <span class='ocr_line' id='line_1_16' title="bbox 145 1742 1231 1824; baseline 0.005 -21"><span class='ocrx_word' id='word_1_132' title='bbox 145 1744 262 1803; x_wconf 88' lang='lat' dir='ltr'>siniano.</span> <span class='ocrx_word' id='word_1_133' title='bbox 300 1742 501 1822; x_wconf 84' lang='lat' dir='ltr'>interpolatum</span> <span class='ocrx_word' id='word_1_134' title='bbox 520 1762 583 1803; x_wconf 88' lang='lat' dir='ltr'>esse</span> <span class='ocrx_word' id='word_1_135' title='bbox 600 1744 780 1803; x_wconf 78' lang='lat' dir='ltr'>audacissime</span> <span class='ocrx_word' id='word_1_136' title='bbox 800 1752 915 1816; x_wconf 81' lang='lat' dir='ltr'>censeo,</span> <span class='ocrx_word' id='word_1_137' title='bbox 935 1746 1049 1824; x_wconf 87' lang='lat' dir='ltr'>eiusque</span> <span class='ocrx_word' id='word_1_138' title='bbox 1066 1748 1173 1807; x_wconf 74' lang='lat' dir='ltr'>artificii</span> <span class='ocrx_word' id='word_1_139' title='bbox 1188 1764 1231 1808; x_wconf 61' lang='lat' dir='ltr'>ees</span> 
     </span>
    </p>
   </div>
   <div class='ocr_carea' id='block_1_3' title="bbox 1267 640 1281 1834">
    <p class='ocr_par' dir='ltr' id='par_1_3' title="bbox 1267 640 1281 1834">
     <span class='ocr_line' id='line_1_17' title="bbox 1267 640 1281 1834; baseline 0 0"><span class='ocrx_word' id='word_1_140' title='bbox 1267 640 1281 1834; x_wconf 95' lang='lat' dir='ltr'> </span> 
     </span>
    </p>
   </div>
   <div class='ocr_carea' id='block_1_4' title="bbox 144 1834 1229 1921">
    <p class='ocr_par' dir='ltr' id='par_1_4' title="bbox 144 1834 1229 1921">
     <span class='ocr_line' id='line_1_18' title="bbox 144 1834 1229 1921; baseline 0.001 -23"><span class='ocrx_word' id='word_1_141' title='bbox 144 1838 341 1911; x_wconf 78' lang='lat' dir='ltr'>tostissimum,</span> <span class='ocrx_word' id='word_1_142' title='bbox 367 1834 443 1913; x_wconf 85' lang='lat' dir='ltr'>quod</span> <span class='ocrx_word' id='word_1_143' title='bbox 470 1854 587 1914; x_wconf 89' lang='lat' dir='ltr'>usquam</span> <span class='ocrx_word' id='word_1_144' title='bbox 605 1840 658 1913; x_wconf 90' lang='lat' dir='ltr'>sit,</span> <span class='ocrx_word' id='word_1_145' title='bbox 685 1844 746 1897; x_wconf 83' lang='lat' dir='ltr'>&#39;esso</span> <span class='ocrx_word' id='word_1_146' title='bbox 769 1838 936 1917; x_wconf 90' lang='lat' dir='ltr'>exemplum.</span> <span class='ocrx_word' id='word_1_147' title='bbox 973 1839 1229 1921; x_wconf 68' lang='grc' dir='ltr'><strong>115.1,155ιιι5ι</strong></span> 
     </span>
    </p>
   </div>
   <div class='ocr_carea' id='block_1_5' title="bbox 140 1929 1229 2111">
    <p class='ocr_par' dir='ltr' id='par_1_5' title="bbox 141 1929 1229 2109">
     <span class='ocr_line' id='line_1_19' title="bbox 141 1929 1229 2017; baseline -0.002 -23"><span class='ocrx_word' id='word_1_148' title='bbox 141 1930 184 1995; x_wconf 70' lang='lat' dir='ltr'>Bi</span> <span class='ocrx_word' id='word_1_149' title='bbox 203 1930 284 1991; x_wconf 85' lang='lat' dir='ltr'>modo</span> <span class='ocrx_word' id='word_1_150' title='bbox 300 1930 434 2005; x_wconf 69' lang='lat' dir='ltr'>scrutatis</span> <span class='ocrx_word' id='word_1_151' title='bbox 456 1933 577 2017; x_wconf 66' lang='lat' dir='ltr'>operitur</span> <span class='ocrx_word' id='word_1_152' title='bbox 594 1929 741 2004; x_wconf 75' lang='lat' dir='ltr'>frondibus</span> <span class='ocrx_word' id='word_1_153' title='bbox 763 1929 849 1990; x_wconf 75' lang='lat' dir='ltr'>ordor</span> <span class='ocrx_word' id='word_1_154' title='bbox 869 1930 944 2010; x_wconf 88' lang='lat' dir='ltr'>apud</span> <span class='ocrx_word' id='word_1_155' title='bbox 969 1942 1033 1991; x_wconf 86' lang='lat' dir='ltr'>eum</span> <span class='ocrx_word' id='word_1_156' title='bbox 1059 1943 1090 1991; x_wconf 85' lang='lat' dir='ltr'>et</span> <span class='ocrx_word' id='word_1_157' title='bbox 1107 1932 1229 1995; x_wconf 71' lang='lat' dir='ltr'>Montio.</span> 
     </span>
     <span class='ocr_line' id='line_1_20' title="bbox 140 2006 1229 2111; baseline 0.002 -25.074"><span class='ocrx_word' id='word_1_158' title='bbox 140 2036 236 2087; x_wconf 80' lang='lat' dir='ltr'>exstet</span> <span class='ocrx_word' id='word_1_159' title='bbox 261 2026 393 2086; x_wconf 71' lang='lat' dir='ltr'>orricius·</span> <span class='ocrx_word' id='word_1_160' title='bbox 409 2010 513 2084; x_wconf 74' lang='lat' dir='ltr'>sitibus</span> <span class='ocrx_word' id='word_1_161' title='bbox 531 2023 623 2084; x_wconf 79' lang='lat' dir='ltr'>ordor.</span> <span class='ocrx_word' id='word_1_162' title='bbox 663 2026 792 2085; x_wconf 79' lang='lat' dir='ltr'>Fonrori</span> <span class='ocrx_word' id='word_1_163' title='bbox 809 2029 881 2084; x_wconf 84' lang='lat' dir='ltr'>uites</span> <span class='ocrx_word' id='word_1_164' title='bbox 899 2043 955 2084; x_wconf 88' lang='lat' dir='ltr'>oon</span> <span class='ocrx_word' id='word_1_165' title='bbox 973 2026 1029 2103; x_wconf 83' lang='lat' dir='ltr'>legi</span> <span class='ocrx_word' id='word_1_166' title='bbox 1047 2006 1113 2111; x_wconf 85' lang='lat' dir='ltr'>alibi</span> <span class='ocrx_word' id='word_1_167' title='bbox 1131 2037 1161 2088; x_wconf 91' lang='lat' dir='ltr'>et</span> <span class='ocrx_word' id='word_1_168' title='bbox 1176 2028 1229 2109; x_wconf 87' lang='lat' dir='ltr'>psl-</span> 
     </span>
    </p>
   </div>
   <div class='ocr_carea' id='block_1_6' title="bbox 29 2118 1273 2202">
    <p class='ocr_par' dir='ltr' id='par_1_6' title="bbox 29 2118 1273 2202">
     <span class='ocr_line' id='line_1_21' title="bbox 29 2118 1273 2202; baseline 0.001 -22"><span class='ocrx_word' id='word_1_169' title='bbox 29 2141 35 2165; x_wconf 77' lang='grc' dir='ltr'>ι</span> <span class='ocrx_word' id='word_1_170' title='bbox 139 2138 204 2180; x_wconf 88' lang='lat' dir='ltr'>mes</span> <span class='ocrx_word' id='word_1_171' title='bbox 221 2119 357 2198; x_wconf 75' lang='lat' dir='ltr'>superiori</span> <span class='ocrx_word' id='word_1_172' title='bbox 376 2128 460 2177; x_wconf 84' lang='lat' dir='ltr'>uersu</span> <span class='ocrx_word' id='word_1_173' title='bbox 484 2119 554 2177; x_wconf 76' lang='lat' dir='ltr'>luite</span> <span class='ocrx_word' id='word_1_174' title='bbox 582 2130 658 2179; x_wconf 90' lang='lat' dir='ltr'>certe</span> <span class='ocrx_word' id='word_1_175' title='bbox 683 2121 743 2179; x_wconf 90' lang='lat' dir='ltr'>siue</span> <span class='ocrx_word' id='word_1_176' title='bbox 767 2118 867 2177; x_wconf 80' lang='lat' dir='ltr'>salsum</span> <span class='ocrx_word' id='word_1_177' title='bbox 892 2119 951 2177; x_wconf 86' lang='lat' dir='ltr'>sine</span> <span class='ocrx_word' id='word_1_178' title='bbox 974 2137 1071 2178; x_wconf 87' lang='lat' dir='ltr'>uerum</span> <span class='ocrx_word' id='word_1_179' title='bbox 1098 2128 1142 2181; x_wconf 81' lang='lat' dir='ltr'>est</span> <span class='ocrx_word' id='word_1_180' title='bbox 1162 2118 1229 2202; x_wconf 82' lang='lat' dir='ltr'>qood</span> <span class='ocrx_word' id='word_1_181' title='bbox 1271 2178 1273 2191; x_wconf 88' lang='grc'><strong>,</strong></span> 
     </span>
    </p>
   </div>
   <div class='ocr_carea' id='block_1_7' title="bbox 85 2202 1273 4168">
    <p class='ocr_par' dir='ltr' id='par_1_7' title="bbox 85 2202 1273 2462">
     <span class='ocr_line' id='line_1_22' title="bbox 85 2202 1273 2295; baseline 0.002 -21"><span class='ocrx_word' id='word_1_182' title='bbox 85 2260 88 2265; x_wconf 78' lang='lat'>,</span> <span class='ocrx_word' id='word_1_183' title='bbox 138 2208 209 2275; x_wconf 59' lang='lat' dir='ltr'>Tro.</span> <span class='ocrx_word' id='word_1_184' title='bbox 228 2212 329 2290; x_wconf 83' lang='lat' dir='ltr'>lrabet,</span> <span class='ocrx_word' id='word_1_185' title='bbox 352 2213 441 2271; x_wconf 90' lang='lat' dir='ltr'>minus</span> <span class='ocrx_word' id='word_1_186' title='bbox 466 2231 527 2272; x_wconf 88' lang='lat' dir='ltr'>esse</span> <span class='ocrx_word' id='word_1_187' title='bbox 549 2214 666 2294; x_wconf 84' lang='lat' dir='ltr'>simplex</span> <span class='ocrx_word' id='word_1_188' title='bbox 690 2213 827 2295; x_wconf 86' lang='lat' dir='ltr'>scriptura</span> <span class='ocrx_word' id='word_1_189' title='bbox 845 2210 944 2273; x_wconf 87' lang='lat' dir='ltr'>Petau.</span> <span class='ocrx_word' id='word_1_190' title='bbox 964 2214 1167 2274; x_wconf 84' lang='lat' dir='ltr'>obseruandum</span> <span class='ocrx_word' id='word_1_191' title='bbox 1184 2224 1228 2275; x_wconf 67' lang='lat' dir='ltr'>ed.</span> <span class='ocrx_word' id='word_1_192' title='bbox 1270 2202 1273 2229; x_wconf 86' lang='lat'><strong>¹</strong></span> 
     </span>
     <span class='ocr_line' id='line_1_23' title="bbox 139 2305 1228 2386; baseline 0.001 -19.001"><span class='ocrx_word' id='word_1_193' title='bbox 139 2306 185 2367; x_wconf 78' lang='lat' dir='ltr'>lu.</span> <span class='ocrx_word' id='word_1_194' title='bbox 205 2326 234 2367; x_wconf 89' lang='grc' dir='ltr'>ιι.</span> <span class='ocrx_word' id='word_1_195' title='bbox 245 2307 311 2377; x_wconf 84' lang='grc'><strong>515,</strong></span> <span class='ocrx_word' id='word_1_196' title='bbox 330 2307 378 2385; x_wconf 89' lang='lat' dir='ltr'>qui</span> <span class='ocrx_word' id='word_1_197' title='bbox 395 2308 435 2366; x_wconf 81' lang='lat' dir='ltr'>its</span> <span class='ocrx_word' id='word_1_198' title='bbox 454 2308 578 2385; x_wconf 88' lang='lat' dir='ltr'>corrupit</span> <span class='ocrx_word' id='word_1_199' title='bbox 594 2308 729 2368; x_wconf 74' lang='lat' dir='ltr'>distichon</span> <span class='ocrx_word' id='word_1_200' title='bbox 745 2306 892 2386; x_wconf 82' lang='lat' dir='ltr'>pulclrrom</span> <span class='ocrx_word' id='word_1_201' title='bbox 908 2316 937 2366; x_wconf 90' lang='lat' dir='ltr'>et</span> <span class='ocrx_word' id='word_1_202' title='bbox 950 2305 1032 2366; x_wconf 81' lang='lat' dir='ltr'>facile</span> <span class='ocrx_word' id='word_1_203' title='bbox 1050 2308 1213 2368; x_wconf 85' lang='lat' dir='ltr'>intellectu</span> <span class='ocrx_word' id='word_1_204' title='bbox 1204 2326 1228 2367; x_wconf 87' lang='lat' dir='ltr'>ru</span> 
     </span>
     <span class='ocr_line' id='line_1_24' title="bbox 140 2399 1057 2479; baseline 0.002 -19"><span class='ocrx_word' id='word_1_205' title='bbox 140 2399 661 2479; x_wconf 74' lang='lat' dir='ltr'>liuncmodom·1nstiisrintrroooor</span> <span class='ocrx_word' id='word_1_206' title='bbox 680 2399 989 2460; x_wconf 78' lang='lat' dir='ltr'>nisisiliibioolrilus</span> <span class='ocrx_word' id='word_1_207' title='bbox 1007 2416 1057 2462; x_wconf 79' lang='lat' dir='ltr'>eor</span> 
     </span>
    </p>

    <p class='ocr_par' dir='ltr' id='par_1_8' title="bbox 137 2494 1231 3046">
     <span class='ocr_line' id='line_1_25' title="bbox 418 2494 980 2570; baseline 0 -17"><span class='ocrx_word' id='word_1_208' title='bbox 418 2496 507 2570; x_wconf 69' lang='grc'><strong>81955</strong></span> <span class='ocrx_word' id='word_1_209' title='bbox 524 2494 631 2555; x_wconf 76' lang='lat' dir='ltr'>dolum</span> <span class='ocrx_word' id='word_1_210' title='bbox 647 2494 747 2555; x_wconf 67' lang='grc'><strong>155555</strong></span> <span class='ocrx_word' id='word_1_211' title='bbox 763 2497 901 2554; x_wconf 69' lang='lat' dir='ltr'>crorum</span> <span class='ocrx_word' id='word_1_212' title='bbox 916 2495 980 2568; x_wconf 72' lang='lat' dir='ltr'>ipro</span> 
     </span>
     <span class='ocr_line' id='line_1_26' title="bbox 142 2586 1230 2671; baseline 0.003 -25"><span class='ocrx_word' id='word_1_213' title='bbox 142 2586 247 2646; x_wconf 87' lang='lat' dir='ltr'>abusos</span> <span class='ocrx_word' id='word_1_214' title='bbox 267 2595 387 2646; x_wconf 84' lang='lat' dir='ltr'>estnon</span> <span class='ocrx_word' id='word_1_215' title='bbox 407 2587 631 2647; x_wconf 87' lang='lat' dir='ltr'>uiolentissimum</span> <span class='ocrx_word' id='word_1_216' title='bbox 649 2591 678 2646; x_wconf 92' lang='lat' dir='ltr'>in</span> <span class='ocrx_word' id='word_1_217' title='bbox 697 2588 821 2665; x_wconf 87' lang='lat' dir='ltr'>modum,</span> <span class='ocrx_word' id='word_1_218' title='bbox 839 2589 889 2646; x_wconf 89' lang='lat' dir='ltr'>sed</span> <span class='ocrx_word' id='word_1_219' title='bbox 908 2587 974 2647; x_wconf 81' lang='lat' dir='ltr'>data</span> <span class='ocrx_word' id='word_1_220' title='bbox 992 2604 1079 2667; x_wconf 87' lang='lat' dir='ltr'>opera</span> <span class='ocrx_word' id='word_1_221' title='bbox 1098 2589 1230 2671; x_wconf 81' lang='lat' dir='ltr'>scripturis</span> 
     </span>
     <span class='ocr_line' id='line_1_27' title="bbox 140 2680 1230 2764; baseline 0.002 -24"><span class='ocrx_word' id='word_1_222' title='bbox 140 2680 245 2740; x_wconf 78' lang='lat' dir='ltr'>codicis</span> <span class='ocrx_word' id='word_1_223' title='bbox 254 2681 409 2757; x_wconf 88' lang='lat' dir='ltr'>Petauianl,</span> <span class='ocrx_word' id='word_1_224' title='bbox 428 2699 497 2759; x_wconf 87' lang='lat' dir='ltr'>quas</span> <span class='ocrx_word' id='word_1_225' title='bbox 512 2680 586 2740; x_wconf 84' lang='lat' dir='ltr'>uide.</span> <span class='ocrx_word' id='word_1_226' title='bbox 614 2681 770 2741; x_wconf 85' lang='lat' dir='ltr'>Ridiculum</span> <span class='ocrx_word' id='word_1_227' title='bbox 784 2682 860 2741; x_wconf 81' lang='lat' dir='ltr'>foret</span> <span class='ocrx_word' id='word_1_228' title='bbox 873 2692 970 2760; x_wconf 88' lang='lat' dir='ltr'>putare</span> <span class='ocrx_word' id='word_1_229' title='bbox 985 2701 1020 2741; x_wconf 88' lang='lat' dir='ltr'>ex</span> <span class='ocrx_word' id='word_1_230' title='bbox 1032 2682 1086 2741; x_wconf 86' lang='lat' dir='ltr'>lrec</span> <span class='ocrx_word' id='word_1_231' title='bbox 1103 2686 1230 2764; x_wconf 87' lang='lat' dir='ltr'>scriptura</span> 
     </span>
     <span class='ocr_line' id='line_1_28' title="bbox 139 2774 1231 2855; baseline 0.002 -21"><span class='ocrx_word' id='word_1_232' title='bbox 139 2786 218 2855; x_wconf 78' lang='lat' dir='ltr'>quae</span> <span class='ocrx_word' id='word_1_233' title='bbox 236 2776 329 2836; x_wconf 88' lang='lat' dir='ltr'>uerbis</span> <span class='ocrx_word' id='word_1_234' title='bbox 347 2784 428 2834; x_wconf 88' lang='lat' dir='ltr'>tenus</span> <span class='ocrx_word' id='word_1_235' title='bbox 446 2774 560 2853; x_wconf 81' lang='lat' dir='ltr'>intelligi</span> <span class='ocrx_word' id='word_1_236' title='bbox 579 2784 672 2854; x_wconf 86' lang='lat' dir='ltr'>potest</span> <span class='ocrx_word' id='word_1_237' title='bbox 690 2775 756 2834; x_wconf 87' lang='lat' dir='ltr'>oriri</span> <span class='ocrx_word' id='word_1_238' title='bbox 774 2776 898 2853; x_wconf 88' lang='lat' dir='ltr'>potuisse</span> <span class='ocrx_word' id='word_1_239' title='bbox 915 2776 1106 2840; x_wconf 82' lang='lat' dir='ltr'>Petauianam.</span> <span class='ocrx_word' id='word_1_240' title='bbox 1142 2778 1231 2838; x_wconf 81' lang='lat' dir='ltr'>Simile</span> 
     </span>
     <span class='ocr_line' id='line_1_29' title="bbox 141 2868 1231 2950; baseline 0.003 -21"><span class='ocrx_word' id='word_1_241' title='bbox 141 2880 187 2930; x_wconf 85' lang='lat' dir='ltr'>est</span> <span class='ocrx_word' id='word_1_242' title='bbox 211 2876 239 2945; x_wconf 92' lang='lat' dir='ltr'>l,</span> <span class='ocrx_word' id='word_1_243' title='bbox 258 2874 326 2931; x_wconf 78' lang='grc'><strong>581.</strong></span> <span class='ocrx_word' id='word_1_244' title='bbox 370 2869 456 2929; x_wconf 88' lang='lat' dir='ltr'>Solus</span> <span class='ocrx_word' id='word_1_245' title='bbox 473 2868 643 2928; x_wconf 86' lang='lat' dir='ltr'>Petauianus</span> <span class='ocrx_word' id='word_1_246' title='bbox 668 2868 725 2942; x_wconf 83' lang='lat' dir='ltr'>(ci.</span> <span class='ocrx_word' id='word_1_247' title='bbox 746 2876 838 2928; x_wconf 84' lang='lat' dir='ltr'>tamen</span> <span class='ocrx_word' id='word_1_248' title='bbox 856 2886 944 2949; x_wconf 89' lang='lat' dir='ltr'>supra</span> <span class='ocrx_word' id='word_1_249' title='bbox 961 2874 1153 2950; x_wconf 76' lang='lat' dir='ltr'>p.cc1.xxr)</span> <span class='ocrx_word' id='word_1_250' title='bbox 1170 2873 1231 2932; x_wconf 88' lang='lat' dir='ltr'>sim·</span> 
     </span>
     <span class='ocr_line' id='line_1_30' title="bbox 137 2963 949 3046; baseline -0.002 -20"><span class='ocrx_word' id='word_1_251' title='bbox 137 2965 318 3046; x_wconf 85' lang='lat' dir='ltr'>plicissimam</span> <span class='ocrx_word' id='word_1_252' title='bbox 337 2975 368 3024; x_wconf 91' lang='lat' dir='ltr'>et</span> <span class='ocrx_word' id='word_1_253' title='bbox 385 2963 645 3044; x_wconf 82' lang='lat' dir='ltr'>praestantissimam</span> <span class='ocrx_word' id='word_1_254' title='bbox 664 2963 829 3042; x_wconf 86' lang='lat' dir='ltr'>scripturam</span> <span class='ocrx_word' id='word_1_255' title='bbox 847 2964 949 3024; x_wconf 79' lang='lat' dir='ltr'>lisbets</span> 
     </span>
    </p>

    <p class='ocr_par' dir='ltr' id='par_1_9' title="bbox 289 3055 1007 3137">
     <span class='ocr_line' id='line_1_31' title="bbox 289 3055 1007 3137; baseline -0.001 -18"><span class='ocrx_word' id='word_1_256' title='bbox 289 3061 387 3120; x_wconf 79' lang='lat' dir='ltr'>Poscit</span> <span class='ocrx_word' id='word_1_257' title='bbox 401 3060 466 3135; x_wconf 76' lang='lat' dir='ltr'>ouis</span> <span class='ocrx_word' id='word_1_258' title='bbox 483 3062 584 3137; x_wconf 68' lang='lat' dir='ltr'>proim</span> <span class='ocrx_word' id='word_1_259' title='bbox 602 3055 734 3118; x_wconf 67' lang='grc'><strong>555555</strong></span> <span class='ocrx_word' id='word_1_260' title='bbox 752 3055 878 3136; x_wconf 71' lang='lat' dir='ltr'>improbo</span> <span class='ocrx_word' id='word_1_261' title='bbox 892 3059 1007 3137; x_wconf 71' lang='lat' dir='ltr'>sorpsit,</span> 
     </span>
    </p>

    <p class='ocr_par' dir='ltr' id='par_1_10' title="bbox 140 3150 1231 3307">
     <span class='ocr_line' id='line_1_32' title="bbox 140 3150 1231 3232; baseline 0.001 -21"><span class='ocrx_word' id='word_1_262' title='bbox 140 3152 219 3212; x_wconf 84' lang='lat' dir='ltr'>cuius</span> <span class='ocrx_word' id='word_1_263' title='bbox 238 3153 374 3214; x_wconf 89' lang='lat' dir='ltr'>rationem</span> <span class='ocrx_word' id='word_1_264' title='bbox 398 3151 602 3231; x_wconf 86' lang='lat' dir='ltr'>grammaticam</span> <span class='ocrx_word' id='word_1_265' title='bbox 623 3164 709 3230; x_wconf 89' lang='lat' dir='ltr'>supra</span> <span class='ocrx_word' id='word_1_266' title='bbox 727 3150 879 3232; x_wconf 85' lang='lat' dir='ltr'>aliqnando·</span> <span class='ocrx_word' id='word_1_267' title='bbox 893 3151 1019 3213; x_wconf 86' lang='lat' dir='ltr'>delendi.</span> <span class='ocrx_word' id='word_1_268' title='bbox 1056 3154 1096 3212; x_wconf 79' lang='lat' dir='ltr'>At</span> <span class='ocrx_word' id='word_1_269' title='bbox 1112 3152 1231 3215; x_wconf 74' lang='lat' dir='ltr'>Vrsinis·</span> 
     </span>
     <span class='ocr_line' id='line_1_33' title="bbox 140 3244 501 3307; baseline 0.003 -3"><span class='ocrx_word' id='word_1_270' title='bbox 140 3262 195 3305; x_wconf 84' lang='lat' dir='ltr'>uus</span> <span class='ocrx_word' id='word_1_271' title='bbox 213 3262 276 3306; x_wconf 86' lang='lat' dir='ltr'>cum</span> <span class='ocrx_word' id='word_1_272' title='bbox 294 3247 338 3307; x_wconf 87' lang='lat' dir='ltr'>sui</span> <span class='ocrx_word' id='word_1_273' title='bbox 354 3244 501 3307; x_wconf 76' lang='lat' dir='ltr'>similibus:</span> 
     </span>
    </p>

    <p class='ocr_par' dir='ltr' id='par_1_11' title="bbox 135 3333 1236 4168">
     <span class='ocr_line' id='line_1_34' title="bbox 414 3333 806 3411; baseline -0.003 -11"><span class='ocrx_word' id='word_1_274' title='bbox 414 3341 510 3400; x_wconf 77' lang='lat' dir='ltr'>Poscit</span> <span class='ocrx_word' id='word_1_275' title='bbox 526 3356 605 3398; x_wconf 83' lang='grc'><strong>5555</strong></span> <span class='ocrx_word' id='word_1_276' title='bbox 621 3333 716 3411; x_wconf 69' lang='lat' dir='ltr'>lauros</span> <span class='ocrx_word' id='word_1_277' title='bbox 734 3348 806 3400; x_wconf 85' lang='lat' dir='ltr'>caet.</span> 
     </span>
     <span class='ocr_line' id='line_1_35' title="bbox 139 3428 1232 3512; baseline 0.004 -22"><span class='ocrx_word' id='word_1_278' title='bbox 139 3428 247 3490; x_wconf 78' lang='lat' dir='ltr'>nefaris</span> <span class='ocrx_word' id='word_1_279' title='bbox 259 3430 431 3503; x_wconf 76' lang='lat' dir='ltr'>dexteritate,</span> <span class='ocrx_word' id='word_1_280' title='bbox 451 3433 553 3492; x_wconf 88' lang='lat' dir='ltr'>abusus</span> <span class='ocrx_word' id='word_1_281' title='bbox 565 3433 677 3512; x_wconf 88' lang='lat' dir='ltr'>reliquis</span> <span class='ocrx_word' id='word_1_282' title='bbox 687 3432 838 3512; x_wconf 78' lang='lat' dir='ltr'>scripturae</span> <span class='ocrx_word' id='word_1_283' title='bbox 849 3431 1057 3509; x_wconf 87' lang='lat' dir='ltr'>discriminibus,</span> <span class='ocrx_word' id='word_1_284' title='bbox 1075 3452 1151 3512; x_wconf 88' lang='lat' dir='ltr'>quae</span> <span class='ocrx_word' id='word_1_285' title='bbox 1162 3434 1232 3496; x_wconf 86' lang='lat' dir='ltr'>cide.</span> 
     </span>
     <span class='ocr_line' id='line_1_36' title="bbox 138 3521 1234 3608; baseline 0.007 -28"><span class='ocrx_word' id='word_1_286' title='bbox 138 3521 183 3586; x_wconf 82' lang='lat' dir='ltr'>lb.</span> <span class='ocrx_word' id='word_1_287' title='bbox 202 3542 232 3583; x_wconf 93' lang='grc' dir='ltr'>ιι.</span> <span class='ocrx_word' id='word_1_288' title='bbox 256 3526 315 3585; x_wconf 76' lang='grc'>593</span> <span class='ocrx_word' id='word_1_289' title='bbox 337 3524 495 3599; x_wconf 74' lang='lat' dir='ltr'>rocconiferi</span> <span class='ocrx_word' id='word_1_290' title='bbox 521 3534 564 3585; x_wconf 87' lang='lat' dir='ltr'>est</span> <span class='ocrx_word' id='word_1_291' title='bbox 589 3544 624 3585; x_wconf 83' lang='lat' dir='ltr'>ex</span> <span class='ocrx_word' id='word_1_292' title='bbox 650 3527 709 3586; x_wconf 89' lang='lat' dir='ltr'>aliis</span> <span class='ocrx_word' id='word_1_293' title='bbox 735 3535 836 3604; x_wconf 90' lang='lat' dir='ltr'>poetae</span> <span class='ocrx_word' id='word_1_294' title='bbox 859 3524 936 3589; x_wconf 86' lang='lat' dir='ltr'>locis.</span> <span class='ocrx_word' id='word_1_295' title='bbox 985 3527 1026 3586; x_wconf 88' lang='lat' dir='ltr'>lb.</span> <span class='ocrx_word' id='word_1_296' title='bbox 1045 3544 1074 3583; x_wconf 92' lang='grc' dir='ltr'>ιι.</span> <span class='ocrx_word' id='word_1_297' title='bbox 1098 3528 1157 3586; x_wconf 79' lang='grc'><strong>454</strong></span> <span class='ocrx_word' id='word_1_298' title='bbox 1176 3531 1234 3608; x_wconf 86' lang='lat' dir='ltr'>quis</span> 
     </span>
     <span class='ocr_line' id='line_1_37' title="bbox 139 3616 1235 3697; baseline 0.006 -23"><span class='ocrx_word' id='word_1_299' title='bbox 139 3619 244 3694; x_wconf 81' lang='lat' dir='ltr'>¹q&#39;oaeso</span> <span class='ocrx_word' id='word_1_300' title='bbox 256 3636 309 3697; x_wconf 90' lang='lat' dir='ltr'>pro</span> <span class='ocrx_word' id='word_1_301' title='bbox 319 3618 418 3680; x_wconf 77' lang='grc'><strong>155555</strong></span> <span class='ocrx_word' id='word_1_302' title='bbox 430 3616 510 3678; x_wconf 77' lang='lat' dir='ltr'>locria</span> <span class='ocrx_word' id='word_1_303' title='bbox 528 3619 649 3677; x_wconf 90' lang='lat' dir='ltr'>scribere</span> <span class='ocrx_word' id='word_1_304' title='bbox 667 3621 768 3697; x_wconf 88' lang='lat' dir='ltr'>potuit,</span> <span class='ocrx_word' id='word_1_305' title='bbox 786 3629 818 3678; x_wconf 92' lang='lat' dir='ltr'>ut</span> <span class='ocrx_word' id='word_1_306' title='bbox 836 3630 880 3679; x_wconf 88' lang='lat' dir='ltr'>est</span> <span class='ocrx_word' id='word_1_307' title='bbox 897 3621 1013 3696; x_wconf 77' lang='lat' dir='ltr'>in&#39;Vrs,</span> <span class='ocrx_word' id='word_1_308' title='bbox 1032 3621 1235 3694; x_wconf 79' lang='lat' dir='ltr'>Itsooliboooo,</span> 
     </span>
     <span class='ocr_line' id='line_1_38' title="bbox 138 3711 1235 3794; baseline 0.005 -27"><span class='ocrx_word' id='word_1_309' title='bbox 138 3711 215 3788; x_wconf 85' lang='lat' dir='ltr'>q&#39;uod</span> <span class='ocrx_word' id='word_1_310' title='bbox 234 3713 334 3772; x_wconf 88' lang='lat' dir='ltr'>clarius</span> <span class='ocrx_word' id='word_1_311' title='bbox 352 3712 437 3771; x_wconf 65' lang='lat' dir='ltr'>haba</span> <span class='ocrx_word' id='word_1_312' title='bbox 449 3711 558 3772; x_wconf 77' lang='lat' dir='ltr'>Macar.</span> <span class='ocrx_word' id='word_1_313' title='bbox 577 3730 673 3782; x_wconf 83' lang='lat' dir='ltr'>uacca,</span> <span class='ocrx_word' id='word_1_314' title='bbox 693 3713 743 3771; x_wconf 90' lang='lat' dir='ltr'>nisi</span> <span class='ocrx_word' id='word_1_315' title='bbox 761 3715 892 3773; x_wconf 85' lang='lat' dir='ltr'>scelestus</span> <span class='ocrx_word' id='word_1_316' title='bbox 908 3711 1116 3793; x_wconf 71' lang='lat' dir='ltr'>interpolatori</span> <span class='ocrx_word' id='word_1_317' title='bbox 1135 3714 1235 3794; x_wconf 88' lang='lat' dir='ltr'>ecquid</span> 
     </span>
     <span class='ocr_line' id='line_1_39' title="bbox 136 3804 1236 3886; baseline 0.004 -23"><span class='ocrx_word' id='word_1_318' title='bbox 136 3804 250 3865; x_wconf 89' lang='lat' dir='ltr'>similius</span> <span class='ocrx_word' id='word_1_319' title='bbox 274 3805 418 3866; x_wconf 75' lang='lat' dir='ltr'>Paccianis</span> <span class='ocrx_word' id='word_1_320' title='bbox 444 3814 474 3863; x_wconf 94' lang='lat' dir='ltr'>et</span> <span class='ocrx_word' id='word_1_321' title='bbox 496 3805 673 3864; x_wconf 81' lang='lat' dir='ltr'>Ponraoianis</span> <span class='ocrx_word' id='word_1_322' title='bbox 703 3808 891 3866; x_wconf 69' lang='lat' dir='ltr'>oenumatibus</span> <span class='ocrx_word' id='word_1_323' title='bbox 921 3808 1039 3866; x_wconf 86' lang='lat' dir='ltr'>inueniri</span> <span class='ocrx_word' id='word_1_324' title='bbox 1070 3812 1177 3886; x_wconf 88' lang='lat' dir='ltr'>poterit</span> <span class='ocrx_word' id='word_1_325' title='bbox 1206 3811 1236 3867; x_wconf 88' lang='lat' dir='ltr'>iu</span> 
     </span>
     <span class='ocr_line' id='line_1_40' title="bbox 136 3894 1235 3980; baseline 0.005 -24"><span class='ocrx_word' id='word_1_326' title='bbox 136 3899 224 3957; x_wconf 75' lang='lat' dir='ltr'>caseis</span> <span class='ocrx_word' id='word_1_327' title='bbox 242 3894 430 3959; x_wconf 85' lang='lat' dir='ltr'>membranis‘l</span> <span class='ocrx_word' id='word_1_328' title='bbox 447 3894 511 3957; x_wconf 86' lang='lat' dir='ltr'>Lib.</span> <span class='ocrx_word' id='word_1_329' title='bbox 528 3904 559 3973; x_wconf 87' lang='lat'>2,</span> <span class='ocrx_word' id='word_1_330' title='bbox 572 3900 630 3957; x_wconf 77' lang='lat'>410</span> <span class='ocrx_word' id='word_1_331' title='bbox 649 3902 713 3959; x_wconf 88' lang='lat' dir='ltr'>uolo</span> <span class='ocrx_word' id='word_1_332' title='bbox 733 3901 868 3980; x_wconf 85' lang='lat' dir='ltr'>perpendi</span> <span class='ocrx_word' id='word_1_333' title='bbox 885 3918 952 3960; x_wconf 89' lang='lat' dir='ltr'>num</span> <span class='ocrx_word' id='word_1_334' title='bbox 970 3912 1027 3959; x_wconf 89' lang='lat' dir='ltr'>tres</span> <span class='ocrx_word' id='word_1_335' title='bbox 1046 3901 1085 3958; x_wconf 93' lang='lat' dir='ltr'>illi</span> <span class='ocrx_word' id='word_1_336' title='bbox 1105 3903 1235 3960; x_wconf 89' lang='lat' dir='ltr'>coniura-</span> 
     </span>
     <span class='ocr_line' id='line_1_41' title="bbox 136 3990 1236 4074; baseline 0.006 -24"><span class='ocrx_word' id='word_1_337' title='bbox 136 3999 214 4052; x_wconf 84' lang='lat' dir='ltr'>tores</span> <span class='ocrx_word' id='word_1_338' title='bbox 232 3992 297 4052; x_wconf 79' lang='lat' dir='ltr'>Vrs.</span> <span class='ocrx_word' id='word_1_339' title='bbox 316 3990 425 4053; x_wconf 83' lang='lat' dir='ltr'>Zuliclr.</span> <span class='ocrx_word' id='word_1_340' title='bbox 444 3990 519 4051; x_wconf 85' lang='lat' dir='ltr'>lliaz.</span> <span class='ocrx_word' id='word_1_341' title='bbox 537 3993 621 4052; x_wconf 87' lang='lat' dir='ltr'>fidem</span> <span class='ocrx_word' id='word_1_342' title='bbox 640 4002 799 4054; x_wconf 83' lang='lat' dir='ltr'>mereantur</span> <span class='ocrx_word' id='word_1_343' title='bbox 821 3995 849 4053; x_wconf 90' lang='lat' dir='ltr'>in</span> <span class='ocrx_word' id='word_1_344' title='bbox 874 3996 1011 4074; x_wconf 83' lang='lat' dir='ltr'>scriptura</span> <span class='ocrx_word' id='word_1_345' title='bbox 1031 3995 1151 4056; x_wconf 84' lang='lat' dir='ltr'>mirifica</span> <span class='ocrx_word' id='word_1_346' title='bbox 1169 4001 1236 4056; x_wconf 80' lang='lat' dir='ltr'>Rs·</span> 
     </span>
     <span class='ocr_line' id='line_1_42' title="bbox 135 4084 1235 4168; baseline 0.002 -20"><span class='ocrx_word' id='word_1_347' title='bbox 135 4088 216 4148; x_wconf 69' lang='lat' dir='ltr'>suso</span> <span class='ocrx_word' id='word_1_348' title='bbox 233 4084 320 4163; x_wconf 69' lang='lat' dir='ltr'>fiais,</span> <span class='ocrx_word' id='word_1_349' title='bbox 339 4103 423 4168; x_wconf 86' lang='lat' dir='ltr'>quam</span> <span class='ocrx_word' id='word_1_350' title='bbox 441 4102 493 4145; x_wconf 89' lang='lat' dir='ltr'>cur</span> <span class='ocrx_word' id='word_1_351' title='bbox 511 4104 623 4146; x_wconf 68' lang='lat' dir='ltr'>necmse</span> <span class='ocrx_word' id='word_1_352' title='bbox 642 4104 697 4146; x_wconf 89' lang='lat' dir='ltr'>non</span> <span class='ocrx_word' id='word_1_353' title='bbox 716 4089 754 4146; x_wconf 87' lang='lat' dir='ltr'>sit</span> <span class='ocrx_word' id='word_1_354' title='bbox 771 4089 910 4168; x_wconf 85' lang='lat' dir='ltr'>recipere,</span> <span class='ocrx_word' id='word_1_355' title='bbox 929 4090 1042 4148; x_wconf 80' lang='lat' dir='ltr'>memini</span> <span class='ocrx_word' id='word_1_356' title='bbox 1056 4107 1104 4149; x_wconf 89' lang='lat' dir='ltr'>me</span> <span class='ocrx_word' id='word_1_357' title='bbox 1122 4089 1235 4150; x_wconf 83' lang='lat' dir='ltr'>docere.</span> 
     </span>
    </p>
   </div>
   <div class='ocr_carea' id='block_1_8' title="bbox 135 4178 1235 4264">
    <p class='ocr_par' dir='ltr' id='par_1_12' title="bbox 135 4178 1235 4264">
     <span class='ocr_line' id='line_1_43' title="bbox 135 4178 1235 4264; baseline 0.006 -28"><span class='ocrx_word' id='word_1_358' title='bbox 135 4179 179 4242; x_wconf 84' lang='lat' dir='ltr'>lli.</span> <span class='ocrx_word' id='word_1_359' title='bbox 200 4200 229 4244; x_wconf 91' lang='grc' dir='ltr'>ιι.</span> <span class='ocrx_word' id='word_1_360' title='bbox 245 4182 476 4263; x_wconf 74' lang='lat' dir='ltr'>ost&#39;spesiosnn</span> <span class='ocrx_word' id='word_1_361' title='bbox 498 4191 542 4242; x_wconf 87' lang='lat' dir='ltr'>est</span> <span class='ocrx_word' id='word_1_362' title='bbox 563 4178 591 4240; x_wconf 90' lang='lat' dir='ltr'>lo</span> <span class='ocrx_word' id='word_1_363' title='bbox 610 4178 674 4242; x_wconf 83' lang='lat' dir='ltr'>Vrs.</span> <span class='ocrx_word' id='word_1_364' title='bbox 693 4182 798 4243; x_wconf 75' lang='lat' dir='ltr'>unns</span> <span class='ocrx_word' id='word_1_365' title='bbox 816 4184 915 4245; x_wconf 75' lang='lat' dir='ltr'>cotio</span> <span class='ocrx_word' id='word_1_366' title='bbox 931 4180 1077 4259; x_wconf 71' lang='grc'><strong>1555555,</strong></span> <span class='ocrx_word' id='word_1_367' title='bbox 1096 4192 1154 4264; x_wconf 82' lang='lat' dir='ltr'>pro</span> <span class='ocrx_word' id='word_1_368' title='bbox 1172 4184 1235 4244; x_wconf 85' lang='lat' dir='ltr'>uol-</span> 
     </span>
    </p>
   </div>
   <div class='ocr_carea' id='block_1_9' title="bbox 0 0 1280 4574">
    <p class='ocr_par' dir='ltr' id='par_1_13' title="bbox 0 0 1280 4574">
     <span class='ocr_line' id='line_1_44' title="bbox 0 0 1280 4574; baseline 0 5"><span class='ocrx_word' id='word_1_369' title='bbox 0 0 1280 4574; x_wconf 95' lang='lat' dir='ltr'> </span> 
     </span>
    </p>
   </div>
  </div>
 </body>
</html>
