2550 4574
540 273 691 326 moneres
911 238 915 253 ’
973 276 977 281 ’
1051 274 1154 326 ccxix

55 451 86 512 p.
98 427 167 507 96),
179 435 304 509 pateret,
323 425 574 489 deornm'iuserum
593 428 676 486 ianua
694 435 792 506 patere
810 420 990 499 est'credita,
1012 426 1077 488 binc
1094 446 1153 489 nnn

54 524 213 605 putauerim
229 523 362 601 consequi
373 521 563 581 Romanorum
581 522 618 581 de
633 522 676 580 dis
693 521 818 580 manibus
832 521 1054 601 superstitionem
1067 506 1154 582 Etru·

52 638 130 678 scam
150 619 243 696 potius
259 616 355 692 fuisse,
374 635 457 694 quam
472 617 603 688 italicam,
621 615 740 687 sortasse
754 614 892 675 Latinam.
923 614 1057 675 Lemures
1073 615 1151 694 apud

52 711 222 790 Appuleium
242 709 278 769 de
300 709 355 768 deo
373 710 497 768 Socratis
508 729 552 788 p.
569 711 625 768 152
644 708 689 768 ed.
712 706 844 768 Oudend.
863 718 893 768 et
910 708 1077 767 Martianum
1095 709 1155 771 Ca·
1210 700 1216 721 ⁴

51 807 160 885 pellam
178 811 207 874 2,
227 806 247 863 9
266 804 480 882 interponuntur
497 796 593 863 subtili
610 802 708 862 horum
727 803 868 861 numinum
887 801 1064 878 distinctioni,
1079 820 1154 880 quae

51 908 148 978 potest
167 914 228 956 esse
246 897 381 974 Etrusca,
396 908 431 956 ,et
449 892 542 957 tamen
561 900 652 978 ipsum
671 914 771 956 nomen
791 880 902 954 nonnisi
925 897 1014 955 altero
1032 896 1154 955 manium

52 994 212 1051 autminus
233 993 422 1069 auspicatum,
442 1001 491 1052 aut
509 993 667 1071 antiquius,
687 990 746 1049 On.
764 991 793 1063 5,
814 992 885 1067 421,
903 980 971 1066 423,
990 988 1056 1065 uel,
1075 990 1153 1049 cultu
1193 1034 1197 1041 -

52 1086 218 1165 suspicionis
238 1104 293 1143 nou
316 1085 395 1144 deest
413 1104 512 1162 causa,
532 1087 667 1146 Sabinum
685 1084 803 1143 fumasse
820 1083 883 1143 fuit.
922 1083 1043 1142 Penates
1061 1082 1155 1163 publi·
1208 1076 1230 1124 f

54 1199 103 1238 cos
122 1180 213 1239 Varro
232 1178 307 1258 apud
326 1180 430 1253 arnob.
450 1185 480 1255 3,
499 1183 539 1238 40
559 1190 588 1239 et
607 1181 730 1259 priuatos
750 1176 877 1255 Nigidius
896 1176 996 1235 ibidem
1015 1195 1051 1236 ex
1067 1177 1154 1237 Etru·

54 1275 99 1332 ria
118 1283 250 1359 repetunt
263 1273 528 1333 ducenteMuellero
540 1278 629 1353 psat,
648 1275 747 1352 quibus
766 1271 926 1348 ambagibus
945 1270 1012 1328 nihil
1030 1271 1154 1330 tribuen-

54 1366 123 1424 dum
149 1371 209 1424 esse
233 1367 453 1425 existimauerim.
492 1368 536 1427 De
555 1369 646 1426 Genio
672 1365 788 1444 posthac
811 1365 928 1423 dicetur.
966 1363 1053 1423 Lares
1071 1365 1154 1449 igitur¹

54 1478 92 1517 ex
106 1460 286 1517 Etruscbrum
306 1461 448 1538 disciplina
467 1461 574 1519 habitos
592 1461 677 1520 fnisse
696 1458 827 1538 prodais
848 1459 1010 1517 animalibus
1029 1476 1064 1516 ex
1081 1456 1154 1516 infe·
1195 1490 1197 1493 ·

54 1554 94 1610 ris
112 1554 248 1610 reuocatis
267 1554 387 1610 ostendit
400 1553 550 1613 Muellerus
566 1559 596 1626 2,
616 1573 646 1630 p.
656 1557 706 1629 90,
720 1556 773 1611 92:
793 1570 855 1611 eam
874 1553 1029 1631 opinionem
1048 1550 1154 1610 Roma·

54 1666 110 1705 uns
127 1654 236 1724 semper
257 1656 366 1704 secutos
385 1665 446 1705 esse
465 1649 576 1705 minime
595 1647 693 1722 credo,
713 1665 775 1705 cum
794 1647 854 1723 ipse
867 1646 957 1704 Varro
972 1645 1047 1724 apud
1064 1648 1154 1703 Arno·

56 1742 132 1800 bium
149 1745 178 1815 3,
189 1742 225 1796 ‹il
246 1741 318 1798 inter
336 1739 454 1799 hanuet
472 1743 586 1799 alteram
607 1742 795 1818 graecanicam
814 1739 1000 1798 baesitanerit.
1033 1738 1091 1798 Sed
1110 1748 1154 1798 ta·
1232 1750 1247 1785 ‘-

53 1853 120 1894 men
145 1837 277 1913 temporis
297 1833 419 1898 ⁸decursu
443 1834 553 1891 demum
581 1831 735 1916 depositam
760 1834 906 1892 Etruscam
932 1834 1154 1909 superstitionem

54 1947 175 2004 censeo,
199 1929 265 1986 olim
293 1927 373 1985 altius
393 1938 555 2005 penetrasse
578 1928 607 1986 in
632 1929 790 2007 religionem
809 1928 979 1997 Romanam,
1004 1945 1087 2004 quam
1105 1944 1155 1984 ex·
1213 1998 1217 2005 Ι

55 2025 214 2104 pectauerit
239 2022 287 2099 qui
311 2021 463 2080 tralationis
490 2023 602 2081 modum
629 2022 812 2100 perspexerit.
858 2020 935 2078 Libri
960 2019 1053 2078 idonei
1078 2016 1156 2097 apud

58 2118 193 2177 Ouidium
206 2117 234 2186 5,
246 2122 300 2173 131
321 2124 350 2173 et
363 2115 453 2174 Varro
469 2115 504 2174 de
517 2115 538 2175 l.
549 2115 569 2173 l.
581 2116 659 2190 b,74
676 2114 779 2173 docent
796 2133 814 2173 a
832 2115 941 2174 Sabinis
959 2113 1032 2171 lares
1051 2130 1156 2188 cogno·

56 2213 133 2270 mine
152 2211 300 2267 Praestites
320 2218 348 2267 et
366 2207 526 2266 Larundam
545 2217 720 2267 consecratos
739 2226 815 2266 esse:
840 2206 904 2264 irinc
920 2206 1019 2283 igitur,
1043 2223 1078 2263 ex
1098 2223 1154 2263 uua

55 2307 155 2364 larium
176 2323 234 2374 ara,
254 2323 315 2359 cum
335 2303 409 2360 mille
428 2303 516 2360 factas
535 2301 637 2361 diserte
655 2302 747 2359 tradat
765 2300 884 2359 Ouidius
901 2320 928 2357 n.
940 2299 1006 2372 146,
1028 2307 1088 2356 tota
1105 2298 1154 2358 illa

55 2401 168 2480 publica
187 2408 216 2456 et
232 2398 341 2475 priuata
356 2396 451 2472 religio
464 2395 553 2455 fluxit.
584 2395 681 2454 Sabini
696 2414 764 2454 uero
776 2414 930 2473 cognomen
947 2393 1049 2451 laribus
1066 2391 1154 2452 Prae·
1186 2444 1188 2453 ,

56 2495 166 2553 stitibus
184 2490 312 2549 fecerunt
331 2509 366 2549 ex
385 2508 436 2548 sua
455 2487 571 2546 deorum
590 2497 728 2548 certorum
748 2489 971 2561 nomenclatura,
989 2486 1079 2563 ipsum
1098 2504 1154 2544 un-

57 2607 133 2662 men,
151 2596 185 2645 ut
204 2596 232 2644 et
251 2586 316 2660 alia,
336 2592 503 2661 acceperunt
522 2584 558 2639 ab
578 2582 712 2660 Etruscis,
732 2584 789 2642 uid.
804 2582 900 2642 Muell.
914 2586 944 2659 2,
964 2598 992 2659 p.
1005 2581 1057 2639 64:
1077 2577 1155 2658 quod

56 2681 161 2740 indicet
179 2678 331 2737 doctrinam
352 2678 546 2738 abstrusiorem
566 2678 602 2735 ab
621 2678 717 2738 iisdem
735 2678 820 2736 fuisse
839 2685 1024 2752 assumptam,
1042 2681 1155 2751 praeter

57 2774 209 2834 Larundae
228 2792 329 2832 nomen
348 2773 402 2830 hoc
420 2790 504 2830 unum
523 2772 600 2846 unni,
617 2772 694 2850 quud
706 2772 754 2830 Kl'
765 2772 856 2840 Maiis,
875 2788 930 2847 qun
945 2786 1040 2826 meuse
1051 2768 1155 2825 Lemu-

58 2871 128 2927 ralia
145 2868 272 2942 fuerunt,
293 2868 366 2926 lares
384 2866 532 2925 Praestites
550 2864 634 2923 ferias
653 2865 818 2923 babuerunt.
856 2863 946 2920 Varro
966 2870 1058 2919 tamen
1079 2858 1155 2938 apud

59 2965 164 3022 Arnub.
185 2966 213 3030 3,
232 2965 268 3018 41
295 2963 472 3036 antiquonum
490 2961 641 3016 sententias
657 2976 771 3035 aequem
788 2957 886 3016 tumus
904 2974 962 3014 essa
976 2955 1048 3012 'dixit
1070 2954 1154 3023 lares,

60 3061 141 3135 quusi.
159 3053 293 3131 quosdam
310 3057 413 3130 penius,
433 3052 623 3125 defunctorum
642 3056 754 3111 nninros
771 3059 951 3111 alcmannius.
985 3049 1047 3104 Hoc
1065 3055 1155 3106 totum
1201 3103 1203 3107 .

61 3161 103 3210 est
122 3151 271 3208 Etruscum
289 3159 467 3226 mereturque
485 3148 614 3223 componi
633 3165 695 3204 cum
715 3164 758 3215 eo,
777 3144 853 3220 quod
872 3161 889 3199 a
904 3140 1053 3200 Plutarcho
1065 3141 1157 3208 ,Manu

62 3246 190 3303 Genita
210 3243 321 3300 canario
341 3240 492 3315 sacrificiu,
521 3240 596 3317 quud
616 3240 746 3297 conuenit
765 3256 827 3295 cum
846 3235 902 3294 Ou.
925 3237 1078 3311 u.u,137,
1104 3235 1158 3293 coli
1233 3230 1259 3239 ”

63 3339 171 3397 dicitur.
213 3334 384 3395 Crediderim
403 3333 602 3411 superstitionis
625 3333 698 3389 circa
723 3331 795 3389 lares
815 3331 966 3404 Etruscae,
991 3346 1064 3406 quae
1081 3326 1159 3406 apud

61 3434 204 3490 Romanos
225 3439 335 3502 extant,
362 3428 476 3503 uestigia
497 3427 589 3484 omnia
615 3424 763 3484 referenda
788 3443 848 3482 esse
873 3425 909 3482 ad
929 3422 1159 3501 Compitaliorum

62 3526 234 3584 cerimonias.
271 3523 314 3580 Ea
334 3541 396 3578 cum
416 3520 538 3577 instituta
557 3526 630 3589 sunt,
649 3520 708 3577 siue
725 3519 830 3577 sactum
844 3519 871 3577 id
887 3528 929 3577 est
943 3518 1072 3577 aSeruio
1086 3514 1159 3572 Tul·
1248 3536 1251 3541 ·

62 3620 111 3694 lio,
131 3618 204 3675 Plin.
225 3636 253 3675 n.
274 3616 302 3675 lr.
323 3619 372 3689 36,
392 3619 431 3672 70
450 3622 532 3689 extu,
552 3614 611 3670 siue
629 3632 646 3670 a
665 3614 818 3691 Tarquinio
837 3614 977 3692 Superbo,
996 3611 1084 3669 Maur.
1105 3617 1159 3667 sat.

63 3717 93 3788 1,
112 3715 133 3769 7
152 3712 203 3768 sub
221 3710 284 3785 fin,
304 3710 369 3767 culti
388 3709 562 3781 nuntiares,
581 3706 630 3765 sed
648 3717 759 3765 uetusto
779 3708 940 3765 Latinorum
960 3702 1160 3783 parentationis

63 3823 116 3883 per
135 3804 231 3862 oscilla
251 3805 315 3878 ritu,
336 3804 424 3860 Maur.
446 3803 464 3862 l.
483 3803 553 3876 ind,
573 3802 650 3860 Fest.
670 3822 699 3879 p.
713 3804 770 3858 194
783 3801 871 3875 dext,
890 3799 969 3856 Paul.
990 3818 1019 3874 p.
1032 3803 1099 3871 121,
1112 3792 1161 3870 17,

64 3917 121 3956 una
140 3917 202 3955 curu
222 3898 325 3971 Mania,
344 3897 431 3954 lllacr.
445 3897 464 3953 l.
477 3895 549 3970 ind,
568 3914 640 3973 quae
658 3913 677 3952 a
694 3894 822 3952 Varrone
840 3893 876 3951 de
896 3893 1018 3961 1.l.e,6
1038 3901 1067 3948 et
1085 3886 1160 3966 apud

63 3993 171 4050 Arnnb.
192 3995 222 4065 3,
238 3994 273 4047 41
294 4003 324 4049 et
342 4010 360 4047 a
378 3990 520 4048 Macrobio
541 4003 629 4048 mater
647 3988 756 4064 larium,
775 4006 793 4043 a
812 3987 896 4045 Festo
918 4004 984 4044 uero
1005 4005 1033 4062 p.
1045 3985 1111 4059 129,
1123 3985 1162 4039 30

64 4087 188 4144 manium
216 4084 282 4158 (nisi
305 4085 379 4143 sorte
399 4082 476 4162 apud
494 4072 611 4141 Paulum
630 4103 660 4162 p.
675 4085 743 4156 128,
760 4083 797 4138 10
821 4081 922 4139 ladrum
940 4099 993 4158 pro
1016 4078 1162 4135 tuocum

66 4177 261 4257 corrigendum
285 4181 340 4253 est)
362 4187 453 4237 mater
476 4186 526 4238 aut
551 4179 614 4238 auia
632 4187 758 4236 materna
782 4182 967 4261 nuncupatur.
1004 4172 1070 4229 Hos
1095 4168 1163 4227 ritus
