2550 4574
485 254 633 301 ruovora
654 254 747 305 usur.
1103 258 1163 309 m

55 411 183 483 usospto
202 407 367 471 confimo
383 411 450 463 sumt
465 406 570 465 croto
587 413 614 464 st
628 409 722 485 hosp.
735 427 802 480 oon,
820 426 941 488 quorum
961 410 1103 470 consulum
1122 411 1165 470 el·

8 504 10 559 Ξ
56 507 102 557 ter
119 496 256 557 suffectos
272 497 360 575 foisse
379 496 491 558 uidetur
508 501 544 560 Α.
564 498 671 560 Licinio
689 501 804 563 Neruae
821 502 931 578 Silano,
949 504 1023 562 alter
1038 505 1164 563 uomina·

58 600 106 649 tur
124 590 198 671 apud
216 592 336 671 Dionem
356 610 431 651 anuo
451 594 527 667 too,
554 613 612 671 quo
637 612 711 654 anuo
730 613 810 673 ,quae
833 605 981 654 namaotur
1003 597 1040 654 ab
1064 594 1164 655 eudem

62 683 116 761 55,
127 690 159 743 tl
178 686 251 743 satis·
264 686 341 745 bene.
355 685 425 743 illud
442 683 580 745 fastorum
599 688 700 747 lemma
718 689 866 746 illustrant.
898 689 956 746 llas
973 687 1057 747 ferias
1075 688 1164 747 omitti

67 778 98 835 in
111 777 183 837 lasis
200 777 349 837 Maffeanis
369 797 462 858 neque
485 778 529 839 ias
549 789 628 856 erat,
655 799 747 859 neque
767 782 913 841 uerisimile
936 789 994 840 ests
1022 782 1071 861 qui
1084 800 1164 860 qoo-

68 870 135 928 nhm
152 870 222 929 diem
241 873 408 943 comitialem
427 871 561 949 iudicant,
580 878 646 932 ante
665 893 729 933 aum
748 892 862 947 annom,
882 875 929 933 uel
947 891 1069 932 mensem
1088 881 1164 933 certe

66 964 165 1021 exarati
183 963 320 1023 uidentur.
339 966 411 1024 Hoc
429 966 458 1023 io
478 984 553 1025 anno
573 967 769 1025 subsistamus:
787 985 852 1025 uam
866 966 942 1044 quod
957 967 1101 1045 opinabar,
1120 967 1164 1024 in·

67 1054 144 1115 ferias
159 1057 258 1132 Drusi,
283 1076 357 1137 quae
378 1068 510 1119 notantur
529 1061 557 1118 in
576 1061 655 1119 fastis
673 1060 818 1121 Antiatinis
836 1060 916 1118 xllx
933 1060 981 1119 Kl’
1001 1060 1080 1136 Oct,
1096 1058 1164 1118 sort

70 1159 172 1229 coeptas
189 1170 252 1209 aaa
272 1170 347 1212 anuo
366 1152 442 1228 759,
462 1173 518 1232 quo
537 1153 565 1211 id
585 1154 704 1232 primum
724 1151 847 1232 prodidit
861 1152 917 1212 Dio
935 1153 986 1229 55,
1004 1157 1060 1228 27,
1078 1150 1164 1230 idque

9 1242 13 1321 ¹.
72 1242 152 1300 nain
165 1242 243 1301 fastis
255 1244 403 1304 llaffeanis
421 1246 656 1325 praetereundum
674 1244 771 1321 inisse,
789 1247 924 1305 incertam
943 1265 1004 1306 esse
1022 1247 1163 1305 coniectu·

9 1338 12 1345 '
73 1351 123 1391 ran
139 1336 267 1415 iqtelligo.
306 1339 531 1398 Demonstratom
558 1346 602 1397 est
628 1316 712 1419 igitur
738 1355 800 1396 esse
825 1338 948 1397 nonnihil
967 1357 1088 1414 causae,
1112 1355 1163 1396 cur

9 1406 18 1437 '
76 1444 104 1483 ω
118 1428 171 1505 ipsu
189 1440 328 1508 tempore,
347 1452 405 1509 quo
421 1431 540 1491 Ouidius
558 1448 670 1489 carmen
685 1431 805 1508 scripsit,
825 1431 949 1489 tabulam
962 1450 1075 1511 quoque
1087 1430 1162 1489 Mot-

9 1574 14 1585 .
76 1517 166 1579 hanam
182 1524 316 1602 scriptam
333 1535 478 1605 potemusr
498 1534 585 1583 restat
604 1538 636 1582 ot
654 1523 721 1582 nihil
739 1542 841 1584 musae
859 1542 933 1599 esse,
951 1544 1001 1582 cur
1020 1525 1055 1582 de
1075 1541 1109 1581 ea
1129 1540 1162 1583 re

78 1611 125 1688 qu'u
137 1612 252 1687 dubitet,
269 1620 413 1695 probetur,
433 1617 488 1676 hoc
507 1627 563 1692 est,
583 1627 615 1676 ut
634 1636 708 1696 quae
727 1612 841 1677 tabulae
859 1619 966 1694 insunt,
986 1617 1162 1696 explicentur

81 1703 190 1767 et0nidii
208 1712 296 1768 aetati
316 1711 498 1772 uindioeutor.
539 1711 624 1780 Quod
644 1713 667 1770 si
687 1711 723 1770 da
741 1729 792 1770 sex
810 1720 918 1770 tantum
936 1711 1076 1769 mensibus
1095 1725 1161 1786 per·

9 1802 24 1863 “.
76 1796 157 1873 boeto,
173 1803 319 1862 ambitiose
335 1806 430 1884 cupio,
443 1804 480 1863 de
494 1805 606 1882 reliquis
626 1814 657 1863 ut
674 1805 744 1864 fides
761 1804 828 1862 mihi
847 1802 984 1865 habeatur
998 1800 1160 1876 affirmanti,

15 1944 31 1955 ..
75 1894 143 1953 multa
159 1897 187 1953 iu
204 1896 259 1955 illis
278 1917 389 1977 quoque
414 1916 477 1957 essu
500 1897 585 1975 digua
604 1901 734 1976 cognitu,
759 1898 826 1956 nihil
845 1907 957 1971 autem,
977 1893 1053 1975 quod
1072 1893 1159 1952 sciam

14 2036 30 2075 ἦ
72 1987 123 2047 mihi
138 1989 290 2049 aduersari.
330 1993 405 2062 Quia
423 2008 491 2049 uero
511 1989 675 2068 Pighianum
694 2010 797 2071 sequar
814 1990 1024 2071 apographum,
1042 1986 1159 2044 demon·

15 2070 30 2091 ⁹
69 2082 195 2139 modom
216 2093 260 2142 est
279 2087 340 2144 iore
358 2085 386 2143 id
405 2084 465 2142 fieri
484 2095 513 2142 et
531 2085 703 2144 emendatius
721 2086 750 2144 id
776 2103 837 2145 esse
855 2085 982 2144 caeteris·
1022 2077 1159 2149 Quam&

67 2175 128 2232 euim
144 2193 193 2235 sex
211 2185 320 2235 tuntum
337 2178 523 2255 inspexerim,
549 2187 644 2238 tamen
668 2198 767 2239 eorum
794 2177 970 2257 quadruplex
995 2181 1039 2232 est
1066 2170 1158 2247 origo,

13 2311 16 2323 .
61 2284 108 2325 nec
124 2268 207 2327 credo
226 2268 364 2329 diuersam
383 2289 428 2329 me
451 2270 688 2349 deprehensorum
707 2272 812 2345 fuisse,
836 2271 860 2328 si
885 2288 934 2329 eos
958 2268 1043 2327 libros
1061 2279 1158 2324 omnes

59 2360 130 2419 adire
146 2362 285 2438 licuisset,
305 2364 353 2421 ubi
371 2363 443 2423 hauc
462 2366 585 2423 tabulam
604 2365 695 2442 repeti
713 2364 807 2421 docuit
827 2364 929 2422 Christ.
948 2361 1049 2420 Sarius
1066 2353 1157 2437 praei.

56 2453 92 2511 ad
107 2455 236 2513 Vaassen.
257 2477 286 2533 p.
301 2477 497 2516 111-xvrn.
526 2457 680 2516 Blaochinii
699 2458 782 2532 libro,
802 2476 858 2535 quo
878 2457 945 2531 dixi,
963 2474 1020 2514 non
1038 2453 1158 2512 libenter

55 2551 142 2609 carui.
171 2552 335 2630 Diligentiae
353 2553 437 2629 igitur
454 2551 606 2629 Pigbiaoae
626 2562 655 2609 et
674 2551 790 2608 aliorum
810 2549 994 2627 negligentiae
1012 2545 1082 2604 illud
1099 2543 1158 2622 pri·

52 2662 131 2702 mom
143 2656 335 2722 argumentum
350 2654 433 2717 esset,
452 2646 475 2703 si
490 2654 630 2703 constaret
648 2645 805 2722 fragmenta
824 2642 895 2701 tituli
914 2642 1027 2701 tabulae
1045 2647 1159 2697 nostrae

49 2737 118 2797 olim
136 2740 320 2818 superpositi,
338 2756 412 2816 quae
437 2739 464 2796 iu
484 2738 572 2816 Pighii
590 2736 698 2796 schedis
725 2755 781 2794 uon
801 2737 913 2812 inueni,
939 2745 1034 2795 tamen
1054 2731 1158 2791 abillo

47 2831 112 2889 solo
130 2831 270 2910 descripta
288 2842 317 2891 et
335 2834 394 2890 eius
413 2832 578 2891 auctoritate
597 2829 700 2889 tradita
724 2847 742 2888 a
760 2830 878 2889 diuersis
903 2847 974 2889 esse.
1011 2828 1158 2903 Nusquam

48 2934 164 2999 extant,
190 2935 387 3003 praeterquam
416 2925 491 3002 apud
511 2925 665 2982 Graeuium
692 2913 729 2980 ad
748 2924 830 2981 Atiae
849 2922 975 2981 Montani
1000 2919 1160 2994 exemplum

46 3035 192 3094 expressa,
211 3028 240 3077 et
259 3018 335 3096 apud
355 3019 520 3092 Gruterum,
540 3019 588 3076 ubi
606 3036 641 3075 ex
661 3016 752 3093 Pighii
769 3015 877 3077 schedis
895 3015 1042 3091 desumpta
1061 3011 1158 3067 dirun-

48 3121 107 3170 tur.
144 3111 303 3190 Utrobique
322 3112 398 3188 quod
418 3112 518 3169 mirum
536 3098 671 3188 quantum
690 3110 867 3188 discrepant,
886 3110 915 3167 id
934 3106 1001 3166 nihil
1018 3099 1094 3179 apud
1113 3113 1160 3157 me

50 3204 142 3263 ualet:
167 3223 260 3282 neque
285 3206 357 3262 enim
384 3206 445 3282 ipse
464 3204 587 3263 Orellius
613 3222 630 3261 a
657 3203 807 3281 typothetis
833 3199 1009 3280 impetrauit,
1035 3203 1067 3253 ut
1085 3208 1159 3271 quae

53 3317 88 3375 p.
97 3301 151 3356 379
167 3298 283 3356 Gruteri
310 3307 340 3355 at
365 3297 442 3355 Saxii
467 3317 528 3357 esre
556 3298 703 3371 dicuutur,
728 3298 784 3355 siut
808 3297 890 3354 etiam
917 3307 1028 3370 reapse.
1065 3287 1159 3344 anam

51 3389 214 3448 Montanum
234 3393 429 3449 ermemirum
447 3400 490 3450 sat
506 3391 542 3450 de
561 3392 636 3463 loco,
657 3390 704 3447 ubi
722 3408 753 3448 se
773 3407 834 3446 eam
853 3387 977 3446 tabulam
997 3382 1097 3440 uidisse
1115 3377 1159 3436 di·

51 3485 107 3558 cit„
119 3484 262 3560 insigniter
282 3502 375 3543 errare
395 3503 513 3562 eamque
525 3503 590 3542 cum
608 3483 687 3541 lastis
705 3482 893 3540 consularibus
912 3476 1096 3543 confundere,
1112 3490 1158 3529 ar·

50 3587 154 3653 guento
166 3577 253 3635 Saxio
272 3597 301 3654 p.
314 3596 395 3652 ως
415 3595 466 3636 nec
482 3587 548 3634 ante
563 3596 644 3634 suum
658 3576 817 3651 exemplum
831 3573 957 3641 edidisse,
977 3588 1063 3649 quam
1075 3569 1158 3624 istum

51 3669 161 3727 titulum
187 3687 206 3727 a
230 3668 330 3746 Pighio
360 3669 499 3730 Bruxellis
523 3680 573 3728 aut
599 3670 689 3727 Cliuia
714 3669 901 3725 manumissum
931 3664 1023 3742 potuit
1046 3662 1159 3719 habere.

52 3763 135 3831 Quae
158 3764 189 3820 in
215 3764 301 3839 ipsius
330 3761 447 3822 tabulae
474 3762 638 3841 apographo
664 3760 800 3838 Pighiano
825 3758 992 3836 reliquisque
1017 3753 1160 3826 differunt,

51 3865 118 3914 sunt
136 3866 185 3913 aut
204 3856 375 3913 calamorum
395 3874 521 3931 errores,
547 3856 593 3914 uel
622 3858 704 3913 etiam
732 3852 959 3930 typothetarum,
986 3858 1035 3907 aot
1059 3846 1160 3906 delicta
1250 3882 1253 3889 ·

52 3948 194 4026 grauiora.
231 3949 277 4006 De
295 3949 393 4007 leuiori
419 3950 468 4008 illo
494 3966 599 4026 genere
618 3947 735 4006 arduum
759 3954 802 4003 est
827 3945 966 4017 iudicare,
992 3957 1160 4019 quamquam

51 4062 115 4103 cum
134 4043 172 4103 de
194 4041 317 4118 grauiori
337 4040 407 4098 nihil
424 4043 454 4101 in
472 4041 617 4119 Pighium,
644 4049 733 4099 totum
747 4038 776 4096 id
795 4039 823 4096 iu
842 4038 962 4116 reliquos
981 4036 1079 4108 cadat,
1103 4050 1160 4090 non

49 4139 139 4199 ausim
152 4135 284 4214 Pighium
297 4135 468 4212 insimulare,
488 4134 564 4214 quod
579 4134 652 4214 prid.
667 4132 716 4194 ΚΡ
732 4132 799 4211 Apu.
813 4130 952 4209 scripserit
964 4129 1014 4189 CC
1026 4123 1159 4206 proiice
