2550 4574
74 218 78 229 ¹
130 263 201 309 XXX
579 262 611 308 V.
622 261 776 317 ,risumve

128 421 242 478 honos
268 433 304 475 es
329 411 424 474 ordino
448 406 528 473 ludos
545 412 664 473 Ouidius
682 413 737 472 boc
755 429 851 472 mense
868 411 934 474 dicit
953 414 1040 473 Trist.
1060 419 1091 492 3,
1112 421 1164 492 12,
1182 419 1232 479 17.
1265 460 1267 467 ·

128 512 220 589 Atque
238 511 297 585 ipse
316 508 386 566 odeo
404 507 575 567 MorceIIIus
589 510 717 568 errorem'
737 506 903 566 emendauit.
943 509 983 566 lX
1000 509 1049 567 ΚΡ
1067 510 1136 569 Mei.
1157 511 1233 571 idem

127 604 214 678 Aldus
233 603 307 660 solus
327 601 378 658 NP
399 620 454 658 non
475 603 602 660 ascribite
626 603 810 679 incogitanter
833 610 909 660 certe
933 601 1018 677 fecit,
1045 603 1096 660 sed
1116 623 1234 683 magnos

127 699 221 757 turbas
240 696 323 757 edere
344 696 488 771 potuisset,
510 695 560 752 nisi
579 697 746 774 interpretes
761 694 922 766 defuissent,
941 699 989 774 qui
1008 694 1164 756 discrImine
1184 699 1233 758 illo

125 792 198 849 inter
214 788 301 846 fastos
315 787 469 847 Mafleanos
488 796 517 846 et
535 787 730 847 Praenestinos
749 790 939 848 abuterentur.
972 788 1016 846 De
1035 789 1088 853 han
1107 808 1140 849 re
1157 791 1234 850 infre

124 883 261 961 copiosius
288 882 428 940 disseram.
474 881 513 938 lX
537 880 604 939 Kel.
629 883 690 942 lun.
715 884 813 961 reliqui
837 894 950 961 praeter
977 881 1104 958 Piglrinm
1129 902 1233 943 omnes

125 978 162 1047 Q.
183 977 274 1035 REX.
296 977 330 1035 C.
348 975 383 1032 F.
422 974 561 1032 Facilitati
585 976 741 1035 intellectus
764 977 908 1035 consulere
934 977 1101 1050 uoluerunt,
1127 979 1232 1037 mensis

124 1071 218 1130 Ilortii
236 1070 336 1127 lemma
356 1068 453 1125 imitati
471 1076 552 1125 sunt:
571 1086 676 1126 morem
697 1079 838 1146 receptum
858 1069 992 1127 festorum
1011 1087 1123 1147 pessum
1142 1069 1232 1131 dede·

123 1173 199 1224 ruut.
237 1163 303 1220 Non
323 1161 457 1239 potuisset
478 1159 594 1219 Ouidius
613 1162 642 1237 5,
662 1166 721 1222 727
738 1165 859 1221 scribere

226 1258 353 1328 mutuor
370 1255 434 1314 indo
451 1258 526 1314 notis
544 1255 620 1314 trun
638 1264 687 1327 ost,
708 1255 806 1333 quibus
824 1253 919 1314 ordino
937 1254 1015 1314 brus
1033 1285 1091 1330 -,

122 1350 192 1410 iiin
213 1352 274 1408 ullis
288 1367 355 1407 suae
372 1349 468 1406 aetatis
487 1349 564 1406 fastis
584 1350 663 1408 aliter
682 1361 778 1408 extare
797 1351 843 1408 ille
862 1356 997 1426 putasset,
1014 1357 1100 1425 etque
1115 1350 1230 1429 Pighius

121 1445 250 1504 tradidit:
279 1443 354 1521 quod
373 1443 515 1520 perspexit
535 1443 701 1502 Vaassenius
719 1443 865 1501 Animadu.
888 1461 917 1518 p.
930 1443 988 1497 290
1014 1451 1168 1520 antequem
1194 1446 1230 1505 de

121 1537 211 1621 Pigbii
230 1536 392 1616 apographo
411 1536 583 1596 innotuisset.
622 1537 665 1596 ld.
684 1539 745 1596 lun.
767 1537 852 1594 Aldus
878 1554 941 1593 cum
960 1534 1058 1611 Piglsio
1085 1539 1169 1616 ponit
1187 1538 1227 1616 N,
1251 1592 1256 1597 .

122 1635 169 1692 olii
195 1643 366 1692 caeterarum
386 1629 483 1686 Iduum
499 1631 629 1708 exemplo
653 1631 779 1689 obsecuti
798 1629 859 1687 NP.
898 1628 970 1686 Illud
996 1631 1114 1691 alterum
1133 1641 1231 1692 tuetur

120 1727 233 1804 PIglnus
252 1728 280 1783 in
300 1724 516 1797 commentario,
538 1733 631 1782 tuetur
653 1723 781 1799 Ouidius,
801 1725 841 1781 uti
860 1723 977 1801 posthac
995 1725 1143 1802 intelliges,
1164 1744 1228 1785 cum

120 1799 198 1899 post‘
213 1820 277 1877 Idus
297 1817 408 1875 demum
435 1818 528 1875 nubile
553 1827 663 1896 tempus
688 1819 768 1896 ponit
786 1821 817 1892 o,
835 1821 902 1875 223.
940 1816 1078 1875 Postridie
1104 1819 1147 1877 Id.
1168 1820 1228 1878 lun.

42 1916 45 1921 ’
121 1913 220 1990 reliqui
239 1912 342 1968 babent
359 1909 432 1984 EN,
457 1910 570 1987 Pighius
589 1913 658 1986 uls,
683 1912 738 1968 lroc
756 1923 799 1970 est
818 1928 873 1969 una
893 1911 985 1968 littere
1003 1928 1087 1969 exesa
1105 1914 1134 1970 in
1154 1931 1229 1971 mer·
1249 1946 1267 1979 n

121 2025 200 2066 more
219 2005 316 2078 EEN,
345 2005 384 2061 nti
403 2005 462 2080 ipse
480 2004 593 2080 Pighius
612 2006 761 2063 intellexit:
790 2004 856 2062 dicit
875 2005 946 2062 enim
967 2004 996 2061 in
1015 2007 1227 2081 commentario,

121 2102 219 2162 nonies
239 2117 301 2158 eom
322 2108 415 2155 notam
434 2096 488 2154 EN
507 2098 623 2156 inueniri
650 2099 680 2156 in
708 2097 818 2155 tabule:
845 2116 900 2155 non
920 2116 991 2175 opus
1010 2107 1054 2155 est
1072 2096 1127 2154 alio
1148 2099 1227 2157 testi-
1265 2148 1267 2167 ,

120 2195 224 2253 monio.
262 2191 301 2248 III
319 2190 366 2247 ΚΡ
386 2189 439 2246 Iul.
451 2199 488 2248 et
506 2190 544 2248 III
564 2192 639 2250 Non.
658 2192 709 2249 Iul.
732 2192 868 2249 Greeuius
888 2209 1035 2271 perperam
1061 2192 1226 2249 comitialem

120 2296 152 2346 et
170 2286 307 2345 nefastum
326 2284 398 2341 diem
418 2285 496 2344 iecit.
534 2287 657 2344 Alterum
677 2285 772 2342 uitium
792 2286 893 2361 repetit
907 2304 969 2343 cum
985 2286 1109 2344 Grutero
1125 2284 1224 2343 IIIKl'
1264 2360 1267 2365 Ι

120 2378 203 2453 Dee,
224 2379 340 2434 alterum
359 2375 398 2431 IV
410 2376 452 2433 Id.
469 2374 616 2437 Octobres.
644 2378 710 2436 Dies
726 2379 876 2436 eCoesare
895 2378 992 2453 additi,
1011 2380 1063 2436 nisi
1084 2379 1128 2441 ubi
1147 2389 1226 2450 certe

121 2489 206 2530 ceosa
224 2479 322 2547 postea
341 2469 505 2542 intercessit,
524 2470 591 2529 fasti
608 2471 733 2547 suerunt,
752 2472 838 2529 seriae
858 2492 913 2531 non
936 2482 1000 2529 sunt
1019 2471 1163 2546 nefastoe3
1189 2472 1226 2531 de

119 2564 324 2645 Augustalibus¹
335 2580 370 2618 ne
388 2561 524 2621 Moroellii
542 2565 695 2622 ineruditus
715 2584 793 2623 error
805 2567 939 2642 cuiquem
959 2575 1075 2639 noceat,
1096 2565 1176 2624 edire
1192 2566 1225 2624 li-

20 2658 25 2668 ⁸
120 2660 194 2716 oebit
209 2656 382 2734 Fogginium.
423 2658 475 2714 Hic
489 2658 637 2734 Fogginius
657 2658 708 2714 Vll
725 2642 768 2716 Id.
783 2659 864 2735 Sept.
884 2657 1017 2727 ludorum*
1032 2660 1225 2719 Romanorum

118 2759 213 2808 notam
232 2751 348 2824 omittit,
375 2751 450 2808 solus
474 2753 547 2809 iuter
571 2769 666 2809 omnes
685 2753 796 2809 tabulae
815 2752 895 2810 liuius
915 2753 1052 2826 editores,
1080 2761 1110 2810 et
1127 2762 1226 2811 oontrn

119 2844 287 2922 reliquorum
309 2845 390 2901 trium
412 2844 630 2902 calendariorum
650 2843 750 2919 fidem,
776 2863 829 2903 neo
853 2845 912 2924 ipse
936 2845 963 2902 id
989 2844 1154 2920 discrimen,
1180 2847 1226 2905 uel

116 2940 210 3018 potius
235 2957 297 2997 eam
321 2956 400 2996 suam
428 2938 622 3016 negligentiam
649 2938 852 2996 animaduertit.
886 2939 965 2999 XVII
983 2939 1031 2998 ΚΡ
1051 2936 1116 2997 Oct.
1136 2936 1225 3002 Aldus

117 3032 236 3090 litterm
253 3031 282 3088 N
300 3033 415 3109 insuper
432 3029 536 3101 habuit,
556 3049 640 3109 quem
659 3033 743 3090 credo
764 3033 816 3090 lroo
833 3032 879 3091 die
899 3041 928 3092 et
946 3032 1018 3110 prid.
1040 3031 1083 3092 ld.
1100 3024 1226 3091 indicere

116 3142 151 3182 eo
171 3126 216 3183 die
234 3135 378 3184 senatores
396 3125 478 3183 Diale
502 3126 615 3203 epulum
640 3126 667 3182 in
688 3126 826 3203 Capitolio
846 3126 988 3185 celebrare
1006 3127 1120 3199 solitos,
1147 3123 1225 3203 quod

116 3216 407 3295 cornutorum,
436 3227 467 3277 ut
490 3220 550 3278 eius
577 3219 741 3277 cerimoniae
767 3237 850 3277 cause
875 3239 939 3278 cum
964 3220 1029 3278 olim
1048 3235 1145 3277 omnes
1164 3217 1224 3279 dies

115 3327 213 3370 eurum
233 3312 374 3386 ludorum,
397 3322 427 3370 ut
445 3331 531 3392 supra
547 3331 583 3373 ex
597 3313 732 3372 Cicerone
750 3311 897 3372 ostendere
916 3332 962 3373 me
981 3313 1100 3383 memini,
1121 3311 1225 3375 nefasti

79 3412 85 3419 '
114 3401 229 3480 inerint,
250 3405 278 3462 lri
298 3405 358 3463 duo
373 3406 563 3465 remanserint.
595 3405 688 3464 XVIII
705 3405 754 3463 ΚΡ
768 3404 836 3464 Dec.
857 3407 994 3465 Gruterus
1013 3405 1067 3464 diei
1084 3406 1152 3466 festi
1168 3424 1225 3466 no·

113 3504 172 3557 usn
186 3499 286 3558 omisit.
305 3498 390 3556 Vides
406 3506 448 3556 tot
465 3499 535 3558 uitiis
549 3508 657 3557 scatere
672 3498 745 3558 hunc
759 3501 882 3559 nbilam
896 3498 973 3577 apud
987 3500 1107 3577 rebquos
1125 3517 1225 3561 ornnes

44 3573 48 3601 ¹
69 3600 72 3605 '
112 3601 226 3669 praeter
243 3591 371 3671 Pighium
390 3599 530 3667 unctores,
550 3610 623 3669 quae
641 3595 796 3670 quaestioni
813 3612 887 3653 nunc
906 3593 993 3650 multe
1012 3613 1075 3651 cum
1095 3594 1224 3654 oblecte-

111 3686 188 3744 tioue
211 3684 396 3746 instituendae
422 3704 479 3744 non
498 3686 640 3764 potuerint
665 3704 721 3744 non
749 3688 858 3748 obesse.
896 3688 1127 3764 Comparabimus
1146 3688 1224 3748 enim

110 3780 234 3838 tabulam
259 3779 429 3838 Moffeenem
448 3798 517 3837 com
543 3777 654 3855 aequali
680 3787 782 3858 poetes
815 3781 842 3838 in
869 3800 926 3858 qua
950 3799 982 3840 re
1006 3791 1120 3858 praeter
1144 3782 1224 3860 quod

110 3873 197 3930 multa
218 3875 441 3951 explicabuntur,
462 3873 515 3936 hoo
534 3873 616 3931 etiam
636 3881 754 3949 agetur,
776 3884 807 3931 ut
823 3876 954 3952 quoniam
972 3893 1048 3932 nunc
1066 3883 1144 3934 certa
1161 3874 1224 3937 flue

109 3965 268 4041 didicImus‚
295 3983 350 4044 que
376 3966 405 4023 in
431 3976 512 4044 purte
538 3967 633 4025 tobule
658 3966 783 4024 iniuriam
810 3970 940 4047 temporis
966 3980 994 4027 et
1020 3968 1222 4029 detrimentum

106 4075 189 4136 pessa
208 4061 261 4135 sit,
288 4077 486 4137 pernoscamus
504 4061 604 4130 etiem,
632 4061 678 4117 ubi
698 4078 809 4118 carmen
827 4080 956 4120 mancum
974 4073 1004 4120 et
1023 4061 1222 4140 imperfectum

104 4153 141 4212 sit
158 4171 176 4212 e
195 4153 434 4234 poeto'redctum.
472 4152 539 4212 Nou
559 4153 596 4214 de
614 4173 664 4214 sex
683 4154 758 4213 libris
776 4153 825 4234 qui
844 4153 945 4214 desunt
962 4155 1081 4233 loquor,
1107 4155 1222 4219 cedde
1253 4206 1256 4213 .
