2550 4574
537 256 689 309 evaurcrs
1067 259 1169 325 ouxrx

67 405 207 466 Muellero
218 405 328 466 Etrusc.
339 411 368 479 2,
382 426 414 487 p.
424 407 463 470 db
482 424 548 466 ann.
562 407 610 479 53,
629 428 682 487 pro
694 400 858 493 Βίλιιθυίμ
870 404 965 470 banio
977 407 1071 471 fucrit.
1096 413 1168 473 Car·¹

67 510 166 560 menta
185 511 215 559 et
234 500 368 560 Hercules
386 521 453 561 nom
476 520 511 560 eo
529 500 613 561 ruodo
632 502 768 561 coniuncti
786 502 890 561 luerint
907 521 1001 579 sacro,
1024 522 1107 583 quera
1129 506 1169 569 ad

68 593 190 653 modum·
204 593 300 652 sabula
317 595 482 672 copulantur
500 595 536 653 ab
555 595 657 654 Ouidio
677 601 706 672 l,
719 595 776 655 583
798 605 827 654 et
842 595 973 673 Dionysio
993 598 1057 656 Hal.
1077 604 1105 668 1,
1116 601 1167 677 40,

70 706 109 746 au
129 696 237 746 tantum
252 688 401 746 Carmenta
419 707 481 748 cum
496 689 630 748 Euandro
649 690 758 747 Graeca
777 688 936 764 traditione,
953 689 1087 750 Euander
1103 711 1168 753 cunr

68 781 194 839 Hercule
207 781 347 839 uicinitate
364 783 528 840 sacellorum
540 801 630 862 prope
643 793 752 862 portam
764 784 963 862 Trigeminam,
982 782 1039 841 uid.
1051 782 1168 860 Diooyr.

70 877 101 949 1,
115 877 166 948 ³2,
185 876 307 952 pauo
326 883 355 932 et
374 893 399 956 c.
410 877 458 948 39,-
477 894 507 953 p.
520 879 585 952 100,
598 878 643 946 14,
662 876 692 934 id
709 878 738 935 in
756 876 848 937 medio
867 878 1003 954 relinquo.

146 967 239 1043 Pergo
259 966 295 1024 ad
311 985 390 1026 sacra
405 987 461 1027 non
480 977 554 1026 tecte
569 987 587 1026 a
600 979 684 1048 poeta
694 969 825 1045 indicata,
844 970 893 1028 sed
906 970 973 1028 data
985 987 1071 1048 opera
1085 988 1167 1031 enar·

68 1069 148 1134 rata,
175 1080 293 1138 quorum
316 1063 435 1139 primurn
458 1071 517 1120 esto
536 1060 570 1137 id,
591 1081 695 1139 genus,
723 1063 797 1141 quod
822 1062 905 1122 ferias
928 1082 984 1123 non
1003 1062 1100 1123 babuit
1117 1063 1169 1123 ad·

67 1152 197 1229 iunctas,
220 1172 337 1233 eamque
361 1157 397 1213 ob
424 1173 534 1235 oausm
560 1157 588 1213 in
613 1156 691 1214 fastu
715 1156 829 1237 lapideis
853 1176 909 1215 nou
935 1169 1085 1236 comparet.
1122 1157 1170 1218 De

68 1266 151 1305 sacro
169 1249 284 1319 Helerni
303 1253 334 1322 2,
346 1250 385 1304 67
404 1267 460 1324 quo
487 1267 574 1327 osque
600 1250 779 1309 coniectando
805 1250 1037 1328 progrediendum
1059 1251 1169 1330 putaui,

68 1340 99 1398 id
119 1339 176 1399 feci
192 1361 278 1420 sopra
297 1361 326 1420 p.
340 1358 459 1401 cxurxa
477 1341 625 1403 audaciora
638 1344 745 1422 scripsit
760 1345 919 1419 llartungus
932 1349 963 1419 2,
973 1345 1022 1419 58,
1041 1346 1089 1423 qui
1102 1348 1179 1405 caui

68 1451 130 1493 saur
149 1453 207 1493 aon
226 1434 361 1510 reddidit,
381 1454 432 1492 cur
450 1435 571 1494 Lucaria
589 1455 651 1494 curn
670 1455 765 1496 mensa
782 1437 852 1495 lolio
875 1438 951 1497 clare
969 1438 1123 1497 indicentur
1139 1440 1170 1499 iu

68 1526 207 1585 fastorum
226 1529 344 1604 tabulis,
368 1546 442 1606 quae
460 1538 583 1604 restant,
609 1530 763 1590 Februario
787 1549 881 1589 mense
903 1532 1169 1610 praetermittantur.

69 1619 118 1677 De
135 1620 214 1678 ferali
234 1631 362 1699 ternpore
381 1621 480 1682 eodem
499 1640 594 1682 mense
608 1622 664 1682 dixi
678 1644 762 1704 sopra
775 1644 805 1702 p.
814 1643 928 1683 xxxrx
941 1643 984 1701 sq.
1016 1624 1082 1683 Non
1100 1644 1171 1704 poo-

70 1712 171 1771 nitebit
189 1714 226 1770 ad
251 1714 305 1774 loci
328 1716 388 1774 eius
407 1715 539 1775 Ouidiani
563 1717 732 1783 intellectum
757 1717 893 1796 quaedam
918 1716 1045 1778 adiicere.
1084 1718 1170 1788 Quod

69 1806 292 1867 demonstratum
309 1810 401 1885 ibam,
427 1808 486 1869 dies
509 1810 631 1869 nefastos
657 1810 729 1868 ultra
748 1810 813 1869 ldos
830 1811 995 1870 Februarias
1013 1821 1043 1870 et
1060 1812 1171 1893 Luper·

69 1897 144 1958 ralia
163 1904 338 1979 pertinuisse,
358 1903 386 1961 id
405 1903 515 1975 clarius,
535 1923 618 1981 quarn
639 1922 707 1982 quos
728 1903 850 1978 adhibui,
870 1904 1170 1985 commemoraretur

69 1994 156 2052 Rom.
175 2000 230 2054 21:
261 1989 310 2053 Tri
330 1991 364 2053 δὲ
384 1989 609 2073 Λουπερκάλια
627 1997 672 2079 τῷ
688 1992 747 2072 μὲν
769 1990 875 2078 χρόνῳ
895 1989 1010 2068 δόξειεν
1034 1986 1170 2065 dualem

70 2081 243 2167 καθάρσια.
278 2085 389 2165 δρᾶται
414 2083 473 2169 γὰρ
498 2089 529 2150 ἐν
550 2083 679 2168 ἡμέραις
698 2083 858 2168 ἀποφράσι
877 2090 933 2149 τοῦ
954 2085 1170 2169 Φεβρουαρίοο

68 2175 179 2266 μηνός,
222 2184 244 2241 li
269 2202 336 2242 uero
361 2185 420 2244 dies
445 2187 566 2262 religiosi
582 2205 600 2243 a
616 2184 751 2243 Kalendis
778 2184 956 2243 decurrentes
981 2196 1052 2244 teste
1075 2187 1171 2246 tabula
1195 2228 1198 2233 ,

70 2277 213 2336 Maffoana
233 2297 300 2334 num
319 2296 414 2338 ornnes
433 2279 534 2337 ferales
550 2279 616 2336 dicti
634 2278 747 2352 suerint,
766 2296 803 2335 an
822 2277 857 2335 ab
871 2277 963 2335 ldibos
982 2286 1088 2339 tanturn
1108 2299 1171 2338 earn

71 2373 289 2449 appellationem
315 2371 489 2446 admiserint,
517 2372 599 2431 ualde
622 2371 654 2430 fit
677 2372 791 2429 dubium
810 2389 844 2429 ex
863 2372 949 2429 Laur.
969 2370 1041 2447 Lydi
1060 2376 1122 2431 loco
1140 2375 1170 2445 ⁴,

72 2469 122 2540 24,
143 2471 257 2543 p.176:
282 2461 389 2533 Εἶὸοἴς
412 2460 648 2544 Φεβρουαρίοις.
684 2455 744 2522 dud
765 2455 880 2542 ταύτης
899 2464 955 2541 τῆς
973 2448 1091 2542 ἡμέρας
1109 2460 1171 2525 dud
1266 2460 1269 2473 '

72 2551 157 2634 ὥρας
178 2553 267 2636 ἕκτης
285 2552 336 2617 διὰ
356 2553 413 2629 τὰς
437 2559 497 2617 τῶν
517 2551 742 2633 κατοιχομένου
757 2551 838 2634 χοὰς
863 2551 902 2617 τοὶ
921 2551 988 2638 irpd
1007 2553 1172 2640 κατησφα-

73 2650 201 2729 λίζοντο,
220 2650 272 2712 καὶ
290 2648 319 2711 οἶ
339 2645 486 2729 ιἰίρχοντις
505 2649 536 2710 ἐν
552 2646 687 2731 σχήματι
707 2648 837 2713 ίιῖιοντῶν
852 2643 1007 2733 προήισαν
1025 2643 1098 2730 ι’ίχρι
1117 2651 1173 2731 τῆς

72 2739 133 2824 πρὸ
160 2741 241 2805 ὀκτώ
266 2743 418 2806 καλινδῶν
442 2742 606 2824 Μαρτίων.
651 2748 794 2807 Postrema
821 2748 925 2822 uerba,
943 2747 1042 2825 quibus
1061 2749 1172 2806 Feralia

72 2840 150 2898 inurd
174 2842 404 2920 exsequentibus
429 2852 525 2919 patet,
551 2859 672 2902 errorem
697 2843 803 2900 numeri
823 2841 972 2899 continent.
1011 2841 1129 2919 Reliqua
1147 2841 1172 2899 ri

73 2933 157 2993 fidem
176 2947 325 3010 merentur,
344 2953 440 2993 uersos
455 2932 586 2994 Ouidiani
598 2936 655 2992 557
669 2954 731 3012 sqq.
750 2936 890 3014 pertinent
910 2933 946 2990 ad
967 2935 1102 3010 populare
1114 2933 1171 2992 Pa-

74 3029 220 3086 rentalium
247 3047 372 3103 sacrum,
396 3046 449 3085 neo
474 3026 631 3105 discrepant
655 3047 672 3086 a
692 3029 832 3087 Ciceronis
858 3024 894 3083 ad
912 3025 970 3083 Att.
989 3025 1061 3085 loco.
1105 3023 1178 3085 Dies

74 3130 169 3179 autern
192 3122 292 3180 nefasti
310 3122 444 3179 fastorum
464 3119 543 3179 Maff.
564 3119 731 3179 antecedunt
749 3119 923 3194 Parentalia,
950 3135 1033 3196 quem
1054 3115 1090 3195 ad
1109 3135 1172 3176 mo-

75 3213 141 3273 dum
160 3215 318 3274 Parentalia
335 3214 445 3273 Feralia
468 3214 582 3291 proprie
606 3212 689 3271 dicta.
728 3212 794 3269 Dies
818 3213 917 3290 quibus
940 3211 1039 3269 ancilia
1056 3225 1187 3270 mouen-v

74 3317 132 3385 tur,
153 3328 170 3367 a
186 3309 266 3367 Liuio
283 3312 331 3385 37,
343 3313 382 3366 33
402 3316 639 3384 commemoratos,
659 3307 748 3365 noluit
767 3303 884 3363 Ouidius
899 3309 928 3378 3,
943 3303 999 3362 395
1019 3302 1172 3362 accuratior
1195 3307 1199 3319 ¹

74 3399 237 3478 designaret
255 3401 389 3461 infaustos
407 3402 510 3479 nuptiis
529 3418 590 3460 esse
608 3405 712 3458 monet.
755 3391 1031 3477 Τριακονθήμιρον
1050 3395 1174 3454 nominat

74 3492 206 3571 Polybius
225 3506 348 3573 excerpt.
366 3497 451 3572 legat.
472 3513 497 3554 c.
512 3500 565 3552 23:
591 3492 621 3551 id
647 3500 735 3550 toturn
760 3510 882 3551 mensem
900 3492 1031 3551 Martium
1058 3485 1173 3563 intelligi

74 3605 131 3645 non
151 3597 194 3646 est
211 3607 325 3648 uerene
344 3598 461 3669 propter
484 3587 641 3664 interpretis
660 3585 806 3644 Horatiani
830 3586 921 3644 locoru
940 3584 1026 3664 paulo
1044 3581 1172 3659 superios

75 3683 214 3757 positum,
240 3702 296 3761 quo
314 3683 403 3742 lllaiur
423 3690 452 3741 et
470 3681 587 3740 lllurtius
604 3697 712 3739 menses
735 3679 839 3757 nuptiis
863 3679 975 3736 infausti
992 3676 1173 3737 dicebantura

76 3771 179 3833 Martio
198 3774 271 3833 enirn
290 3777 348 3835 eius
366 3776 503 3853 religionis
527 3776 673 3835 terminum
697 3771 858 3831 uidebamur
881 3768 1092 3850 deprehendere
1111 3767 1174 3826 Tu·

77 3864 243 3942 bilustdum,
260 3868 344 3928 ferias
358 3868 439 3941 fortis
451 3868 525 3938 ᾶοαο,
542 3868 686 3925 Mineruae
700 3867 759 3924 siue
772 3865 903 3936 Nerinae,
922 3865 999 3923 cuius
1012 3880 1074 3921 cum
1083 3861 1175 3922 Marte

79 3969 219 4020 sedamen
236 3953 325 4038 ἤχοις
343 3955 447 4020 ὅπλων
466 3957 517 4018 καὶ
537 3951 694 4036 σάλπιγξι,
714 3968 746 4016 ut
764 3960 802 4016 ait
820 3957 932 4036 Lydus,
951 3953 1019 4016 Salii
1036 3950 1176 4034 prosecuti

79 4050 193 4115 suerint.
229 4053 375 4131 Dionysius
394 4055 459 4113 Hal.
478 4059 508 4125 2,
520 4056 573 4111 70:
593 4043 684 4129 ἑορτή
705 4045 740 4109 δὲ
760 4042 861 4110 αὐτῶν
879 4046 924 4120 tea
942 4043 1011 4127 περὶ
1029 4040 1069 4106 τὰ
1082 4040 1176 4102 llas-

82 4139 231 4228 αθὴναια,
249 4151 294 4232 τῷ
313 4140 492 4231 καλουμένῳ
511 4141 672 4229 Μαρτίῳ
689 4137 796 4227 μηνί,
821 4138 992 4227 δημοτελὴς
1010 4135 1068 4204 tut
1086 4133 1176 4200 nul·
