2550 4574
125 178 264 242 ,οχχχῃ
597 174 640 223 ne
662 173 735 221 nnis

33 314 39 321 ’
126 341 233 398 restam
251 330 310 392 dno
332 327 476 409 geniorum
498 342 618 406 genera,
642 323 680 386 do
703 323 803 405 quibis
822 325 955 387 litrosooa
974 326 1152 406 praenepiase
1170 347 1232 391 oon

126 428 248 490 noento
293 424 417 484 Alterum
441 421 566 481 locorum
591 428 648 494 est3
674 419 757 478 Seru.
775 419 812 478 ad
830 423 902 480 Aen.
921 422 952 496 5,
971 423 1027 496 85,
1049 421 1106 480 952
1133 423 1233 482 nullas

127 517 379 593 mansonario
396 520 449 574 ent.
488 514 641 583 Quaeritur
663 513 763 591 igitur,
789 525 882 573 utrum
901 524 1017 593 penates
1035 523 1065 573 et
1083 515 1138 592 ipsi
1157 515 1233 575 laras

128 612 279 674 familiares
296 609 402 669 fuerint
419 607 493 686 genii
510 606 653 680 domuum,
673 624 709 663 an
727 608 803 683 genii
822 609 948 666 locorum
966 625 1063 667 manes
1081 607 1233 668 deiuncta-

128 725 202 781 rum,
221 703 270 783 qui
287 703 367 781 qussi
385 700 535 760 reciderint
552 699 581 756 in
598 707 712 773 terram,
731 700 963 778 quemadmodum
976 701 1092 760 Seruius
1108 703 1147 762 ad
1160 706 1233 762 Aen.

25 848 33 867 ,
128 797 228 876 o,152
247 796 352 856 animas
370 794 400 852 in
418 793 474 852 tuis
492 791 618 850 domibus
631 791 804 868 sepultorum
822 793 895 852 la'res
910 795 1050 872 appellate
1070 793 1148 872 quod
1166 805 1232 853 tao·

102 894 246 950 'mmann
269 888 390 966 probare
410 884 477 945 milri
504 882 616 943 uidetur
641 884 805 944 Clausenius
823 905 854 965 p.
874 889 949 944 1016
961 906 1024 965 sqq.
1067 884 1127 946 Sed
1151 886 1231 946 idem

129 982 250 1046 Seruius
275 979 378 1040 ibidem
397 996 460 1038 eum
484 988 601 1056 penates
620 976 674 1035 lroo
692 978 803 1038 nornine
827 977 970 1056 distinguit
994 998 1017 1039 a
1033 979 1156 1055 laribus,
1181 979 1234 1040 de·

17 1134 20 1140 .
129 1081 267 1135 momtrat
280 1122 284 1137 2
297 1092 354 1134 non
384 1090 437 1152 per
462 1089 558 1130 omnes
588 1068 669 1128 lanius
693 1069 769 1128 modi
796 1071 941 1147 religiones
967 1089 1058 1150 aeque
1082 1073 1233 1133 inualuisrs

130 1168 313 1231 Etruseorum
332 1165 445 1243 placita.
484 1163 580 1241 ltaque
599 1161 715 1222 alterum
742 1180 854 1259 quoqne
873 1165 1017 1240 geniorum
1035 1184 1136 1244 genus,
1154 1167 1231 1246 quod

59 1257 66 1273 ¹
132 1270 176 1322 eat
193 1258 336 1318 hominum
355 1256 422 1316 dum
442 1257 552 1330 uiuunt,
571 1257 669 1314 naimo
684 1258 812 1332 numaque
826 1258 984 1332 rntwnnlia,
1004 1267 1036 1318 ut
1052 1259 1146 1318 Varro
1163 1260 1233 1319 dixit

131 1353 171 1415 tr.
185 1356 238 1427 10,
257 1351 401 1430 proprium
419 1350 607 1409 Romanorum
627 1348 792 1426 putauerim.
830 1349 875 1409 De
901 1350 955 1409 lion
977 1353 1095 1412 maxime
1114 1351 1233 1414 Ouidiur

132 1443 371 1516 oommemorauit,
391 1443 414 1500 ri
434 1461 518 1499 unum
538 1441 630 1500 losum
648 1442 779 1518 excipias,
799 1448 828 1513 2,
839 1443 909 1518 543,
929 1445 975 1505 ubi
993 1446 1024 1504 in
1041 1463 1074 1503 re
1088 1443 1233 1525 Virgilium

132 1538 166 1615 5,
185 1539 224 1598 75
242 1556 317 1614 sqq„
335 1535 362 1593 in
381 1535 521 1593 locutione
541 1534 674 1592 Varronis
692 1537 871 1609 tententiam,
897 1537 982 1616 idque
997 1538 1123 1618 primus,
1143 1557 1233 1617 quau·

132 1639 194 1689 tom
211 1630 312 1703 sciram
330 1628 494 1705 scriptorum
514 1645 709 1702 romanorum,
728 1637 772 1687 est
789 1640 917 1688 senators
943 1632 1019 1691 aliud
1037 1633 1110 1692 euim
1129 1642 1173 1695 ent
1190 1634 1234 1691 iu·

15 1722 19 1729 ’
132 1717 228 1783 dicare
248 1719 367 1782 eundem
386 1738 447 1779 esse
466 1720 576 1797 genium
595 1728 624 1778 et
642 1721 741 1794 larem,
760 1721 836 1800 quod
855 1732 968 1800 praeter
985 1723 1142 1786 Varronem
1161 1727 1234 1786 mul·

132 1824 179 1876 tos
196 1815 295 1875 iecisse
319 1821 442 1873 testatur
460 1813 630 1872 Cenronuus
650 1831 674 1870 e.
689 1818 719 1888 3,
743 1814 818 1872 aliud
843 1817 999 1893 promiscue
1017 1835 1163 1895 usurpare.
1201 1818 1235 1877 In

133 1908 254 1971 eundem
268 1925 390 1983 oensum,
408 1904 458 1966 sed
472 1924 633 1987 perperam,
649 1906 718 1964 alios
733 1907 809 1967 loeus
823 1907 976 1990 Ouidipnun
986 1913 1078 1985 5683
1096 1912 1236 1990 Aaou·

129 2005 222 2081 pontia
238 2001 291 2065 illo
305 1997 493 2078 (Larentalia)
508 1997 655 2059 nomia
672 1999 755 2059 tuoto
773 2002 927 2079 explieatur
940 2002 977 2060 ab
990 2002 1138 2082 Hartungo
1154 2011 1185 2080 1,
1196 2009 1236 2065 59

135 2103 166 2157 ot
184 2092 331 2156 Clamenio
350 2110 380 2170 p.
398 2092 483 2148 1024.
529 2090 675 2170 Nusquam
699 2094 754 2172 legi
772 2094 965 2155 Larentalibus
989 2095 1085 2173 genios
1110 2097 1236 2174 planaria

23 2196 26 2202 '
134 2186 295 2254 Saturnalia
309 2185 454 2263 genialiter
470 2190 533 2245 anta
552 2195 582 2269 et
600 2204 695 2246 mense
707 2186 856 2269 Decembri
874 2187 936 2267 quis
955 2186 1085 2264 ignorati
1103 2190 1242 2254 Tertium.

135 2298 267 2359 qnoque,
292 2277 368 2357 qood
395 2277 471 2355 apud
491 2277 623 2337 Ouidium
643 2288 704 2354 est,
730 2280 829 2339 eodem
848 2281 932 2342 modo
950 2283 1073 2359 peruerti
1091 2285 1183 2360 putuit
1201 2286 1236 2361 5,

134 2372 210 2431 lans
239 2370 323 2432 naus
345 2370 421 2429 Mssa
444 2373 605 2447 neniomqns
628 2370 723 2448 dania,
749 2378 797 2450 qai
821 2373 938 2438 noluit
954 2374 1033 2446 11101,
1054 2373 1125 2439 Vtin
1142 2375 1237 2440 toto.

136 2463 223 2525 Vides
242 2464 315 2522 lares
333 2464 439 2541 priseos
460 2464 587 2538 coniungi
605 2481 669 2527 oum
688 2468 770 2540 genio
789 2469 923 2545 Augusti,
950 2468 1027 2546 quod
1045 2460 1141 2528 titurius
1159 2473 1239 2549 apud

137 2554 276 2623 Orouion
295 2575 324 2615 n.
347 2557 423 2614 1667
441 2555 606 2616 ooufirmare
624 2557 744 2617 uidetur.
781 2562 818 2620 At
840 2561 945 2621 iactum
964 2570 1007 2620 eat
1031 2579 1067 2623 er
1085 2581 1142 2639 quo
1160 2566 1239 2641 prin-

137 2666 205 2726 oeps
223 2646 291 2705 deos
310 2645 442 2716 tradidit,
461 2647 490 2706 lr.
510 2666 537 2708 e.
556 2645 657 2711 denuo,
668 2654 858 2723 consecrauit,
882 2655 923 2715 uti
941 2653 1024 2712 donet
1041 2654 1125 2713 inser.
1145 2655 1236 2721 Orell.

32 2796 39 2804 ,
137 2759 168 2800 n.
189 2743 275 2814 1668,
295 2740 461 2816 Compitalia
482 2740 545 2797 bina
565 2759 632 2799 uera
649 2751 678 2800 et
696 2745 820 2821 Augusto
839 2765 945 2823 menae,
965 2749 1239 2827 otiu.1ttdooat,

72 2884 76 2898 ,
138 2832 254 2892 iartituit
273 2841 343 2893 teste
358 2830 492 2891 Suetonio
505 2830 570 2894 Oet.
585 2853 610 2892 o.
625 2839 674 2910 31,
693 2855 759 2914 ergo
778 2849 843 2898 ante
864 2841 922 2898 eius
940 2849 1069 2914 mortem,
1087 2860 1145 2920 quo
1163 2854 1238 2904 tem-

22 2977 27 2989 ,
140 2941 213 3007 pora
231 2924 476 3002 quintus·quoque
499 2925 569 2985 liber
586 2927 704 3005 scriptus
723 2939 766 2989 est
784 2950 802 2990 a
819 2942 920 3012 poeta3
945 2933 1028 2995 immo
1047 2944 1114 2996 ante
1132 2955 1239 2998 annum

138 3017 175 3081 V.
195 3017 231 3077 C.
249 3019 305 3078 741
325 3018 513 3096 scriptumque
532 3021 568 3077 ab
588 3020 702 3080 Horatio
722 3027 886 3085 uersiculum
904 3028 952 3091 tib.
964 3028 995 3102 4,
1007 3028 1037 3103 5,
1047 3029 1099 3086 34:
1118 3037 1145 3088 st
1164 3030 1240 3091 lori-

15 3144 18 3149 ·
138 3108 192 3168 tos
210 3116 288 3168 insum
304 3114 409 3194 Minost
428 3129 528 3181 namen
546 3123 632 3188 caet,
657 3115 707 3173 nisi
733 3118 786 3178 lroo
811 3120 1017 3196 intelligendum
1043 3129 1086 3179 est
1111 3131 1143 3182 ut
1160 3124 1240 3202 apud

140 3201 273 3268 Ouidium
294 3209 324 3278 2,
343 3205 571 3266 trasmundum
591 3207 679 3268 bonos
698 3209 792 3279 libros,
811 3209 847 3270 de
865 3213 968 3273 laribus
987 3214 1111 3292 priuatis.

217 3295 386 3363 Mercurii
403 3299 643 3377 interpretationes
659 3300 851 3363 varronianae
867 3307 943 3381 ‚oola
962 3308 990 3364 in
1009 3326 1040 3365 re
1057 3307 1193 3370 differunt
1203 3311 1240 3370 ab

140 3385 295 3450 Ouidiauis.
332 3389 376 3464 De
394 3410 519 3456 sunnone
536 3392 624 3455 medio
645 3395 774 3456 memento
786 3398 838 3461 osu.
856 3400 889 3475 5,
908 3402 975 3471 668,
995 3399 1090 3458 addito
1108 3403 1239 3462 Martiaui

74 3551 77 3558 Ι
140 3480 274 3558 Capellae
293 3483 448 3544 testimonio
467 3485 503 3543 de
521 3485 663 3546 Facundia
682 3487 820 3548 Mercurio
839 3503 939 3570 nupta,
957 3500 991 3551 ot
1004 3497 1117 3552 Enniani
1136 3495 1239 3566 diruat,

111 3592 116 3599 ’
140 3577 295 3648 2,10,ts
321 3573 358 3632 de
380 3574 572 3638 neirondnrtnn
595 3597 688 3642 tntum
711 3582 865 3652 manatione
891 3580 943 3647 eir.
967 3584 1240 3664 0n.5‚104‚ooe,

141 3668 225 3729 Seru.
246 3668 317 3729 Aen.
336 3668 366 3742 4,
385 3669 458 3745 577,
485 3669 522 3730 de
547 3673 728 3735 mercimoniis
756 3674 812 3738 On·
832 3678 861 3747 5,
879 3680 946 3742 671.
993 3680 1067 3739 Sunt
1091 3693 1242 3759 praeterea

142 3777 261 3844 ¹graecae
278 3759 391 3826 fabulae
410 3761 485 3838 apud
504 3760 651 3839 Ouidium,
676 3766 712 3826 de
730 3769 883 3832 animarum
901 3773 928 3829 in
949 3771 1054 3835 Oreum
1072 3773 1241 3855 deductione

141 3852 284 3915 numnius
297 3852 412 3927 51471
431 3871 504 3931 quae
523 3860 551 3926 2,
563 3858 620 3914 606
632 3877 694 3935 sqq.
714 3862 855 3938 ingeniose
867 3876 910 3924 est
928 3884 1063 3930 conuersa
1073 3866 1118 3927 ¹ad
1139 3868 1241 3931 larium

33 3948 35 3955 “
93 3935 98 3947 ’
142 3943 312 4009 infernorum
333 3945 466 4020 drumm,
492 3949 540 4025 qui
564 3947 638 4026 apud
657 3951 799 4015 Romanos
819 3955 975 4040 hermarum
995 3960 1056 4020 iere
1080 3961 1144 4022 tooo
1163 3974 1241 4035 sunt,

142 4040 375 4124 procreationum
395 4039 432 4104 de
450 4041 621 4106 internuncia
640 4044 749 4111 Cereris
768 4059 797 4114 et
813 4049 998 4137 Proserpinae
1012 4055 1184 4140 1666111.
1204 4075 1243 4123 ea
