2550 4574
146 296 249 352 ccxlv
624 293 670 344 nu
690 294 765 346 nuta

146 450 385 525 consecrarentur,
403 444 441 508 da
458 447 559 526 quibos
576 464 652 526 quae
669 447 745 507 dicta
766 454 832 507 suot
849 465 880 526 p.
893 463 1009 522 exxrr,
1023 461 1158 506 cxxrm
1176 463 1249 506 coo·

146 542 222 606 serre
240 545 345 625 poteris
363 561 426 602 conr
446 542 637 602 Clausenianis
657 562 686 623 p.
699 544 786 617 1092,
799 542 884 612 1093,
902 537 1183 624 iacileintelligiturr
1199 540 1249 601 ¹'cui

146 638 330 698 coniunctioni
354 637 509 697 inseruiunt
531 635 655 696 fortassis
677 637 811 715 sagittae,
832 634 877 692 uel
896 633 1062 710 uenabula,
1081 653 1159 712 quac
1172 633 1249 694 ludi·

145 739 246 792 cantur
262 733 299 791 ab
319 729 422 791 Ouidio
434 751 463 790 u.
475 733 544 805 438,
562 729 614 794 cir.
633 740 770 788 annotata
788 728 824 787 ad
842 727 901 786 Ibin
918 748 947 787 u.
957 730 1008 803 48,
1028 746 1247 787 commemoran-

144 830 192 885 tur
210 844 229 885 a
248 810 361 899 Gellio,
387 832 485 883 extant
509 824 538 881 in
564 824 664 882 onmis.
703 820 812 882 Deinde
840 821 987 887 accessisse
1013 821 1126 880 uidetur
1150 821 1248 880 fabula

144 912 310 998 graecanica
328 917 366 977 de
384 918 451 977 loue
468 915 593 992 infante,
612 937 642 977 u.
657 919 713 975 443
726 935 779 995 sq„
806 916 883 973 cuius
906 917 1026 993 primurn
1045 934 1082 974 ex
1102 916 1247 976 Ciceronis

135 1010 248 1087 ¹aetate,
266 1011 291 1071 si
308 1010 475 1071 Vaillantius
493 1021 569 1071 recte
587 1010 737 1087 iudicauit,
758 1019 886 1089 superest
905 1010 1093 1069 testimonium
1112 1011 1142 1069 in
1162 1003 1247 1069 numo

142 1096 340 1181 Fonteiorum,
363 1125 440 1164 uum.
459 1104 527 1165 fam.
546 1106 679 1164 Romam:
698 1111 727 1181 1,
746 1124 777 1186 p.
787 1105 859 1161 4502
889 1102 942 1161 nisi
959 1100 1034 1162 for'te
1052 1121 1160 1183 caprae
1178 1103 1246 1162 illud

142 1197 339 1273 simulacrum,
365 1198 442 1278 quod
467 1218 554 1278 supra
571 1200 619 1259 lib.
637 1199 686 1275 vt,
707 1198 744 1256 fr.
762 1200 782 1255 4
800 1199 955 1256 Varronem
981 1199 1092 1257 nouuse
1117 1197 1245 1272 uidimus,

143 1289 259 1350 fabulae
276 1291 387 1350 iamiam
405 1291 458 1351 fuit
476 1302 680 1370 argumentum.
718 1291 863 1350 Postremo
885 1286 1054 1369 extiterunt,
1074 1291 1123 1369 qui
1142 1291 1245 1369 Apolli·

43 1402 50 1419 ⁸
141 1380 207 1443 nem
228 1385 303 1442 hunc
321 1382 404 1443 deum
421 1404 482 1445 esse
499 1385 643 1462 docerent,
664 1385 834 1464 grammatici
852 1384 912 1442 sine
929 1378 1024 1455 dubio,
1043 1392 1167 1451 testante¹
1178 1384 1245 1443 Gel-

132 1477 189 1545 lio.
228 1477 392 1537 Clauseuius
412 1497 490 1538 more
508 1499 559 1538 suo
577 1480 633 1538 iam
652 1478 760 1558 pridem
781 1496 808 1537 a.
827 1479 864 1536 V.
878 1478 914 1537 C.
928 1478 1125 1556 tuoproprer
1143 1497 1245 1554 cogua-

140 1570 246 1630 tionem
261 1591 323 1628 cum
339 1574 504 1653 Aesculapio
523 1575 551 1632 in
572 1575 661 1632 insula
674 1573 810 1631 Tiberina
821 1581 1014 1630 consecratum
1030 1580 1112 1650 putat
1130 1591 1160 1649 p.
1174 1575 1244 1629 1091

142 1672 173 1724 et
190 1665 381 1725 uetustissimis
396 1668 500 1727 Latinis
520 1670 549 1727 in
567 1667 699 1726 feriarum
716 1665 881 1724 Latinarum
901 1667 1055 1723 cerimoniis
1074 1665 1245 1723 instituendis

141 1761 237 1834 uotam¹
255 1757 342 1816 fuisse
361 1778 489 1837 graecam
509 1761 633 1818 fabulam
653 1762 762 1840 scripsit
780 1779 809 1840 p.
821 1763 894 1817 801:
916 1762 1029 1819 Veiorris
1046 1759 1172 1818 tommolt
1190 1758 1246 1817 siclt

144 1850 270 1925 strider
295 1852 476 1930 sprioprodcrr
497 1856 589 1931 Ziepe.
616 1850 694 1915 'Wie
713 1854 760 1913 der
782 1852 852 1913 Gott
876 1851 922 1912 uls
940 1851 1042 1912 Koolre
1060 1855 1174 1937 Sprunp
1192 1849 1246 1910 uod

142 1944 282 2021 Soluuuop
300 1945 397 2022 prlicit
416 1947 475 2006 cod
493 1951 560 2005 iotzt
578 1946 684 2018 inilrm
703 1946 763 2005 siclt
781 1949 812 2004 irs
831 1941 982 2018 (11411114
998 1944 1114 2004 critolao
1132 1945 1199 2021 lrot,
1217 1962 1246 2002 so

113 2080 116 2087 ·
142 2036 278 2116 solaciopt
298 2058 365 2100 mco
384 2043 414 2101 io
441 2040 648 2117 ouspolossooor
668 2026 852 2099 Friilrliclrlseit
873 2038 933 2098 stet
956 2037 1013 2112 cof
1027 2038 1185 2098 Saltoulrolrs
1202 2038 1247 2097 lvio

44 2180 47 2195 .
141 2120 200 2191 trird
218 2132 287 2205 lior,
313 2124 358 2193 ols
381 2151 462 2194 moon
478 2152 546 2192 mors
564 2138 596 2193 io
618 2134 719 2194 seiron
737 2134 839 2194 11414144
857 2133 929 2194 noch
946 2132 1004 2193 iim
1021 2132 1125 2193 molta.
1165 2133 1247 2191 Talia

126 2222 199 2286 ‘nun
218 2238 329 2306 semper
348 2245 439 2305 aequo
460 2230 552 2287 auimo
572 2229 626 2306 legi
645 2238 772 2307 possunt.

89 2309 92 2319 ¹
218 2322 250 2378 In
268 2324 365 2379 'rinna
384 2320 550 2379 Perenna
573 2320 732 2394 definienda
751 2338 865 2378 necesse
884 2328 926 2378 est
947 2321 1111 2378 cerimonias
1131 2326 1161 2377 et
1184 2322 1247 2379 cul-

142 2421 202 2472 tum
227 2414 385 2474 discernere
411 2415 447 2472 ab
473 2416 648 2492 opinionibus
668 2423 697 2473 et
715 2413 835 2489 fabulis,
861 2414 937 2491 quod
956 2433 1042 2494 supra
1059 2433 1090 2494 p.
1109 2431 1247 2492 cnxxur,

144 2523 285 2564 onxxun
303 2506 409 2581 factum
429 2517 472 2564 est
492 2525 511 2566 a
529 2509 619 2566 nobis.
654 2508 765 2566 Deinde
787 2526 854 2566 uero
874 2507 1066 2586 segregandae
1084 2517 1151 2567 sunt
1168 2508 1248 2568 fabu-

142 2599 191 2658 lae
209 2593 361 2679 populares
381 2608 410 2658 et
427 2602 681 2677 grammaticorum.
721 2602 886 2660 Posterioris
906 2602 1015 2680 generis
1034 2620 1108 2679 quae
1127 2603 1247 2680 pruden-

143 2700 189 2752 ter
206 2693 327 2771 perspici
344 2702 471 2770 possunt,
493 2691 603 2750 fortiter
623 2703 689 2751 sunt
707 2694 887 2753 abiiciendae.
917 2695 1056 2752 Neutrum
1075 2695 1121 2753 hic
1139 2689 1247 2776 quoque

143 2787 210 2846 satis
234 2786 394 2844 obseruauit
413 2784 589 2849 clauserius.
627 2785 703 2844 Nam
728 2791 793 2865 quia
819 2789 943 2846 decreuit
962 2789 1072 2846 Annam
1093 2788 1246 2848 Perennem

143 2880 276 2939 mollioris
296 2897 387 2956 aquae
406 2897 507 2937 numen
528 2880 601 2955 e‘ssc,
621 2881 679 2939 eius
697 2884 844 2940 commenti
860 2881 1000 2962 praesidia
1012 2883 1096 2940 etiam
1111 2881 1247 2942 exOuidii

145 2994 194 3033 uu.
207 2975 369 3032 657-qu
389 2973 498 3050 petiuit.
527 2977 627 3033 Lanos
644 2984 672 3033 et
690 2974 829 3035 lismoidis
847 2977 1108 3054 interpretationem
1127 2975 1165 3034 ad
1185 2977 1247 3035 carri

145 3062 313 3128 uocabulum
327 3076 455 3146 spectare
470 3068 619 3127 intellexit:
640 3068 755 3128 Themis
772 3070 844 3128 enim
860 3079 950 3128 mater
964 3078 1007 3128 est
1021 3070 1164 3128 Horarum
1176 3068 1247 3148 apud

35 3236 38 3241 ⁴
145 3161 381 3237 Pausau.5,17:
399 3161 450 3220 sed
470 3172 520 3219 aut
540 3181 630 3240 aquae
649 3164 737 3222 mollis
758 3183 838 3221 usum
854 3170 913 3221 toto
928 3181 1013 3239 anno,
1034 3172 1084 3220 aut
1101 3165 1168 3221 anni
1187 3164 1216 3222 lr.
1223 3181 1246 3222 4.

148 3259 279 3334 temporis
298 3274 350 3334 per
369 3255 542 3332 clepsydram
560 3257 732 3314 mensionem
751 3259 790 3314 ait
809 3257 933 3315 indicari.
962 3257 1091 3316 Deloue
1111 3259 1247 3315 coniectu·

92 3346 96 3352 ’
149 3367 228 3424 ram,
254 3351 326 3426 quae
345 3361 411 3406 nata
433 3360 476 3407 est
499 3367 533 3406 ex
550 3347 664 3408 fabulae
686 3352 832 3430 popularis
852 3360 1017 3428 argumento
1037 3359 1067 3407 et
1086 3350 1163 3407 isidis
1189 3368 1247 3407 cum

147 3434 232 3500 Luna
249 3444 477 3520 comparatione,
503 3444 605 3520 repetit
622 3444 698 3520 iude,
717 3446 792 3523 quod
812 3445 869 3502 Nili
889 3463 962 3522 aqua
981 3445 1138 3503 mollissima
1155 3441 1248 3504 suerit.

63 3557 68 3562 ·
148 3527 194 3594 De
212 3536 333 3613 compito
347 3535 492 3594 Atlantide
508 3527 656 3615 postquam
676 3539 714 3595 ita
733 3539 814 3596 dixit:
837 3541 887 3596 Boi
901 3540 988 3596 Aona
1006 3541 1070 3596 tritt
1088 3537 1132 3595 die
1148 3536 1249 3596 mardi·

148 3629 232 3690 reoda
244 3629 336 3702 Kroft
355 3628 402 3686 des
418 3625 579 3689 Gewdssers
597 3631 772 3691 oororimlicir
792 3636 821 3690 in
841 3631 889 3690 dor
905 3635 979 3707 Sapo
997 3631 1106 3702 lruuor,
1127 3629 1195 3690 dass
1212 3633 1249 3689 sis

151 3723 211 3782 dem
229 3728 336 3801 Iupiter·
355 3723 398 3782 dio
416 3730 487 3781 custo
506 3725 601 3799 Spoiso
618 3725 736 3802 porricini
755 3725 841 3801 hubo,
866 3733 1000 3804 punctum
1026 3726 1160 3802 temporis
1183 3727 1250 3783 sub⁴

151 3818 253 3876 oluisse
272 3816 390 3874 uidetur
402 3815 438 3873 de
458 3820 700 3892 grammaticorum
726 3820 858 3893 artificio,
882 3836 973 3896 neque
998 3827 1090 3875 tamen
1110 3828 1249 3878 assecutus

150 3898 194 3967 cst
212 3927 272 3968 rem
291 3911 398 3987 ipsam,
418 3918 448 3967 et
466 3910 490 3967 si
509 3921 649 3970 assecutus
669 3921 761 3988 esset,
787 3920 831 3970 sat
850 3913 924 3984 scio,
950 3904 1043 3970 denuo
1061 3904 1249 3989 peruertisset.

150 3990 352 4081 Disputauerat
370 4004 442 4062 enim
461 4000 559 4081 aliquis
574 4008 682 4063 Annam
701 4025 762 4064 esse
780 4005 986 4083 intelligendam
999 4007 1162 4066 Arcadica'rn
1181 4006 1251 4065 louis

151 4096 284 4155 nutricem
298 4086 406 4175 Ἁγνώ,
428 4095 511 4157 Paus.
527 4101 558 4173 8,
572 4102 621 4175 38,
640 4118 659 4158 a
678 4119 736 4180 qua
753 4100 817 4158 lons
835 4101 965 4180 perennis
983 4101 1011 4157 iu
1027 4099 1140 4176 Lycaeo
1159 4108 1251 4157 monte

83 4224 104 4241 .«
152 4189 240 4251 dictus
258 4191 320 4253 suit.
360 4192 409 4251 llis
432 4185 520 4272 igitur.
534 4211 648 4271 prorsus
671 4194 799 4274 sepositis
818 4211 853 4292 ac
872 4194 974 4254 relictis
997 4193 1112 4254 fabulae
1132 4193 1250 4274 popula·
