2550 4574
141 298 288 353 Mul!
632 284 744 335 donax

143 456 192 526 28,
207 452 258 527 29,
274 450 323 507 22.
359 436 547 503 &mutiunt
570 454 667 497 omnes
691 436 720 496 in
744 441 856 494 uetusta
881 430 973 494 iornnu
998 432 1157 495 dderarnn
1174 453 1241 514 r,s,

145 543 222 626 quod
240 550 334 601 umen
350 534 455 606 nnat,
473 533 505 608 4,
516 531 584 603 224,
602 539 680 590 carta
697 527 754 605 ¹lida
772 526 923 588 rotundum
941 535 1006 603 cst,
1026 528 1068 587 uti
1084 528 1242 609 saepisdmc
1270 602 1273 607 Ι

144 641 175 699 in
193 633 260 696 nod.
271 632 384 692 lloaac.
396 631 425 689 ll
442 625 561 706 aliisque
576 624 706 703 supparis
723 622 834 697 aetatis,
852 627 874 692 t,
893 620 970 701 quod
981 620 1020 680 ad
1031 621 1147 682 modum
1166 638 1242 703 gras·

144 747 196 791 occ
213 728 273 788 eius
289 726 401 784 litterae
419 720 548 782 scribitur
566 727 596 777 ct
612 718 742 793 minima,
761 725 795 776 ut
813 712 1052 775 Nalrmmaclerns
1069 735 1100 795 p.
1111 734 1151 776 ιι
1169 716 1241 793 clicit,

144 821 232 884 similo
244 827 288 881 est
299 836 328 879 oc
344 818 357 877 i
373 816 477 895 ubique
489 821 602 893 praeter
612 810 731 870 fortasse
743 829 830 869 unum
842 811 933 869 locum
946 814 975 879 2,
984 808 1043 867 581
1057 809 1120 867 sinc
1133 818 1241 888 pundo,

145 933 244 992 ecum
262 919 369 992 puncto
387 915 532 968 exaramc
551 903 571 963 d
588 905 629 963 bis
648 912 728 964 terne
747 901 896 963 rotandum
915 911 959 962 est
975 902 1129 962 nomime
1145 901 1241 961 forma.

23 1004 27 1015 .
145 1006 300 1069 mendant
313 1003 431 1062 maximo
448 1001 479 1059 in
496 997 666 1077 compendiis
684 996 850 1075 syllabarum
868 1014 905 1055 ιιι
923 1005 954 1054 et
971 1002 1032 1067 coi,
1050 1012 1104 1073 pus
1121 1002 1152 1055 ns
1170 994 1242 1074 φη

147 1100 259 1163 omnes
271 1105 385 1177 ponder
406 1094 518 1154 tertium
541 1093 683 1151 librariam
702 1099 751 1150 ant
776 1108 811 1150 nc
833 1088 1037 1168 diphthongum
1061 1097 1112 1147 aut
1130 1104 1148 1147 s
1165 1099 1244 1149 autc

146 1213 212 1254 cunr
229 1191 333 1250 lineola
351 1189 380 1247 iu
398 1187 476 1247 calca
492 1186 672 1265 sculpserunt,
693 1185 740 1243 illo
758 1202 828 1243 nero
846 1202 989 1262 nunqnam
1001 1200 1044 1254 cc,
1063 1200 1130 1242 raro
1144 1200 1170 1259 c,
1184 1182 1243 1263 ple·

147 1300 301 1363 cumpace
324 1300 389 1342 cum
413 1279 537 1359 uirgnlac
561 1277 634 1338 idem
660 1276 794 1352 fmuodos
812 1288 842 1338 et
863 1276 981 1355 piolus,
1005 1294 1069 1335 cnm
1092 1276 1194 1355 reliqui
1215 1295 1244 1337 os

147 1376 321 1458 clipltlroogo
344 1391 418 1454 qnae
441 1372 609 1452 plerumque
631 1373 727 1431 exulat
749 1390 768 1431 a
791 1371 929 1430 codicibus
954 1369 1058 1429 saeculi
1079 1366 1242 1444 duodecimi,

147 1471 179 1532 h
197 1488 224 1531 e.
244 1487 315 1551 qnos
332 1467 466 1542 uiderim
486 1472 601 1524 utantur
619 1483 672 1524 sno
690 1465 765 1541 loco,
785 1472 899 1524 utantur
917 1463 1020 1537 alieno,
1037 1462 1242 1542 praesrtimis

150 1565 242 1625 ussok
259 1579 369 1640 soporo,
387 1561 513 1638 racipere,
530 1557 651 1617 fortuma
670 1558 753 1618 etiam
770 1560 889 1638 incipero
907 1577 938 1636 p.
952 1558 999 1627 16,
1012 1561 1041 1628 ³,
1056 1556 1127 1632 175,
1145 1556 1174 1615 in
1191 1574 1242 1635 qno

148 1667 243 1718 tamen
257 1654 351 1714 Verris
362 1652 456 1711 Flacd
472 1652 503 1710 in
521 1651 580 1710 tab.
593 1651 696 1711 Praen.
707 1653 906 1725 anctoritatem
924 1649 1062 1729 spectaui.
1075 1644 1080 1653 '
1101 1648 1139 1732 ln·
1154 1648 1241 1708 ortlo-

148 1748 266 1830 graphia
283 1746 359 1806 omni
378 1745 478 1804 eximia
496 1743 593 1803 harum
611 1746 833 1804 membranarum
852 1744 955 1802 utilitas
974 1751 1030 1802 estc
1050 1742 1161 1821 singula
1178 1741 1240 1801 isdi-

149 1843 231 1918 osui,·
242 1841 377 1921 pleraque
387 1838 508 1913 exlibni,
528 1838 611 1897 etiam
629 1838 657 1896 in
676 1839 738 1897 aliis
756 1839 883 1898 carminis
900 1835 1024 1916 partibus
1039 1852 1238 1917 nonnunquam,

149 1935 202 1996 sed
220 1934 363 1993 admonito
379 1932 494 2004 lectore,
512 1949 587 2010 qnae
604 1929 705 1990 desunt
722 1932 752 1989 in
770 1933 852 2011 ipsis3
872 1948 965 2010 neque
982 1929 1057 1988 eoi·
1075 1931 1183 1991 minoto
1197 1930 1236 1988 illa

148 2046 261 2108 semper
284 2027 313 2086 in
340 2025 411 2085 libro
436 2023 592 2083 Petauinno
618 2025 687 2083 satis
717 2026 825 2084 curauit
850 2024 988 2084 Heinsius.
1033 2022 1167 2083 Secunda
1187 2022 1234 2096 illa,

150 2140 235 2202 qsssn
253 2119 326 2195 diri,.
338 2137 438 2178 manns
455 2137 474 2177 a
492 2127 627 2178 consueta
646 2118 769 2191 ratione,
788 2138 854 2178 casu
874 2119 967 2177 nescio
987 2135 1025 2176 an
1044 2117 1175 2193 conciis,
1191 2114 1234 2173 ds·

150 2215 238 2273 flectit
255 2213 399 2295 aliquoties
417 2213 447 2271 in
465 2213 700 2292 praepositionum
719 2231 830 2273 annexu
855 2210 995 2290 habetque
1017 2216 1149 2285 mass,
1163 2207 1234 2277 ,tud-
1271 2196 1274 2213 '

150 2311 219 2378 cina,
239 2305 369 2376 maulia,
389 2304 534 2377 transilui,
555 2303 733 2386 subposuere.-
756 2306 883 2366 didicisse
901 2304 1108 2384 grammaticam
1128 2300 1231 2361 uidetur.
1269 2346 1272 2387 ÷

151 2399 263 2468 Questa-
272 2398 413 2457 rusticiore
427 2397 534 2458 infersit
547 2403 709 2472 Musconis,
727 2402 899 2470 meamea,
918 2398 1029 2473 mmm,
1048 2397 1147 2457 todire
1163 2411 1232 2475 quan
1269 2410 1273 2477 ξ

148 2493 247 2551 obrem
265 2510 330 2548 cuns
349 2508 404 2548 non
424 2491 475 2549 nisi
493 2490 563 2551 laec
580 2500 720 2572 promtm
737 2493 841 2552 lrabeat
858 2512 888 2571 p.
898 2494 948 2567 29,
966 2492 997 2565 4,
1007 2493 1078 2567 717,
1097 2490 1165 2549 nilsil
1182 2487 1232 2546 luis
1270 2488 1274 2563 ξ

151 2584 306 2643 auctoritati
324 2583 445 2641 tribuere
464 2583 587 2644 debebat
604 2586 842 2646 Nelrmmacherns
857 2606 887 2665 p.
897 2604 960 2644 xrs.
989 2584 1021 2642 ln
1040 2583 1166 2643 fmstnlis
1181 2589 1232 2640 octo
1274 2596 1275 2622 i

150 2694 224 2755 qnae
247 2674 460 2734 commemoraui
481 2677 598 2737 arduum
624 2688 687 2739 erat
711 2679 868 2739 discrimina
894 2678 1051 2737 huiusmodi
1076 2676 1233 2735 dicernere:

151 2780 292 2829 caeterum
312 2778 420 2828 tantum
439 2771 535 2847 abest,
554 2781 604 2848 nt,
623 2771 700 2852 qnod
717 2771 957 2834 Nahmrnacherus
975 2789 1005 2849 p.
1017 2787 1041 2828 r
1060 2768 1150 2846 dixit,
1175 2784 1233 2847 pun·

151 2865 258 2922 cissima
276 2862 375 2923 inillis
394 2863 482 2922 uerba
499 2863 623 2942 dignosci
641 2865 761 2944 possint,
780 2875 812 2924 nt
831 2865 907 2923 nnllo
925 2863 1107 2923 medicamine
1125 2862 1233 2921 adhibito

149 2958 284 3037 pleraque
300 2957 425 3043 >legerim
445 2966 475 3016 et
498 2958 681 3017 intellexerim
700 2959 807 3018 abscisa
831 2959 878 3017 illa
901 2977 962 3017 esse
984 2974 1003 3017 a
1021 2956 1234 3036 quaternionibus

150 3051 259 3110 dnobus
282 3051 353 3111 aliis.
384 3051 495 3110 'Eorum
519 3051 626 3131 primus
644 3071 739 3111 uersus
758 3054 820 3112 libri
835 3059 864 3127 1,
876 3053 1041 3110 291-420
1058 3050 1185 3110 habaima
1201 3047 1234 3106 ui·

151 3143 242 3215 detur,
261 3146 362 3224 pagina
381 3144 439 3205 eius
458 3146 556 3226 prima,
576 3147 652 3204 cuius
672 3145 728 3204 duo
748 3147 904 3226 fragmenta
919 3154 1016 3205 extant
1033 3143 1235 3204 cohaerentias

149 3254 257 3297 summo
274 3238 355 3314 folio,
375 3257 471 3299 uersus
490 3242 664 3315 ael-321,
689 3242 799 3318 triginta
819 3259 915 3316 unum,
935 3249 967 3298 nt
984 3241 1011 3298 in
1030 3239 1065 3297 iis
1084 3256 1163 3316 quas
1175 3239 1235 3296 inte·

151 3347 219 3405 gras
236 3341 365 3390 seruatae
383 3343 465 3408 suut,
490 3334 541 3392 nisi
567 3333 615 3391 nbi
638 3351 735 3392 nemus
753 3334 868 3393 omissus
895 3342 923 3392 et
941 3334 970 3390 in
990 3332 1067 3390 calce
1085 3333 1235 3411 suppletus:

149 3422 293 3498 periemnt
311 3444 384 3485 nens.
398 3431 575 3503 arc-521,
594 3427 752 3506 superiores
771 3427 922 3506 aegerrime
941 3427 995 3504 legi
1009 3435 1139 3503 possunt.
1163 3424 1237 3483 Vera·

150 3516 208 3572 31⁴
225 3513 325 3575 audibit
343 3527 385 3577 est
404 3529 433 3578 ct
451 3538 479 3579 u.
491 3521 562 3579 316:
584 3519 696 3579 ....dc
712 3520 830 3580 cialibus
848 3523 920 3580 atris
938 3519 1059 3596 ascripto
1076 3520 1107 3577 in
1124 3517 1239 3594 margine

149 3610 214 3666 uisi.
253 3610 285 3668 ln
312 3629 411 3670 anemo
436 3611 534 3671 eodem
559 3611 628 3671 lolio
652 3615 735 3692 primi
761 3615 857 3693 uiginti
882 3623 988 3692 septem
1015 3631 1114 3672 uersus
1139 3622 1240 3671 tantum

149 3718 206 3759 non
226 3703 326 3781 integri
345 3714 374 3763 et
391 3706 457 3764 satis
477 3705 550 3764 bene
566 3708 672 3764 seruati
690 3718 773 3784 sunt,
792 3709 842 3767 sed
861 3707 1021 3767 exciderunt
1040 3707 1115 3765 inter
1133 3708 1193 3765 illos
1211 3703 1240 3762 li·

148 3793 234 3854 brasii
253 3797 335 3877 culpa
354 3817 451 3858 uersus
469 3799 643 3859 aed-aso.
682 3802 755 3859 Hinc
773 3800 867 3877 colligi
891 3801 942 3858 nisi
967 3799 1053 3857 fallor
1076 3810 1172 3878 potest
1189 3799 1241 3878 pri·

147 3905 224 3946 mum
248 3891 277 3948 in
304 3892 399 3952 codice
421 3892 572 3972 archetypo
597 3903 785 3971 pentametros
811 3893 962 3953 subductos
982 3912 999 3951 a
1020 3894 1119 3971 regule
1137 3896 1241 3954 sinistra

147 3979 248 4057 fuisse,
276 3985 353 4063 qnod
371 3987 400 4043 in
419 3986 496 4045 nullo
516 4002 612 4046 eorum
631 3988 760 4046 codicum
779 4007 849 4067 quos
869 3987 925 4045 nidi
943 3987 992 4057 fit,
1018 3985 1122 4046 deinde
1141 4007 1169 4046 n.
1189 3986 1242 4044 229

147 4075 279 4154 scriptum
304 4077 408 4155 subse,
435 4080 476 4138 nti
500 4081 620 4156 assolet,
647 4100 710 4140 cum
734 4082 798 4140 cod.
818 4081 1021 4139 Mazasinianoc
1048 4082 1241 4149 Paccolicus,

146 4171 224 4253 qnod
241 4192 339 4245 norum
355 4191 412 4234 non
427 4182 507 4255 puto.
545 4175 605 4236 Sed
623 4194 653 4234 u.
665 4180 723 4236 322
742 4193 777 4235 cx
794 4174 848 4234 lruc
862 4173 981 4234 sructulo
996 4172 1151 4249 niddensi,
1168 4169 1243 4252 quod
