2550 4574
356 245 443 290 ulcr.
466 244 609 290 AVGVS'l'l
630 244 673 292 ΕΤ
695 245 816 292 SVLLAE
1038 248 1135 295 xxvtt

10 392 12 401 '
46 414 109 475 quos
124 395 177 454 uto
196 394 296 454 eodem
320 395 384 455 loco
401 394 538 455 Kalendis
562 395 603 454 bis
622 397 692 473 dog.
711 395 772 455 fieri
790 397 885 455 solitos
904 397 1005 473 tradit,
1027 399 1136 474 dubito,

49 500 129 548 ntmm
147 489 183 549 ad
201 489 300 546 Martis
318 490 453 567 templum
473 491 501 547 in
521 508 620 568 campo
637 488 750 562 Martio,
770 492 845 568 quod
863 491 938 549 idem
954 511 1044 570 prope
1060 494 1137 551 solus

52 584 97 657 bd,
109 585 142 640 ll
155 592 365 656 commemorat,
385 584 515 653 reseram,
533 602 569 641 an
586 586 668 641 etiarn
685 582 796 640 aliunde
815 583 957 642 traductos
975 588 1134 646 existimem.

54 677 124 734 luitio
140 676 308 755 Septembris
332 676 409 756 qnod
429 675 509 733 deest
527 677 555 732 in
574 679 669 735 tabula
688 675 830 735 Maffeaua
853 678 981 752 biduum,
1000 682 1039 737 ita
1056 682 1137 739 resti·

58 777 149 827 merant
165 770 226 829 ltali
244 770 388 845 bomiues,
408 780 440 827 ut
457 770 555 829 litteris
573 770 767 829 nundinalibus
789 772 940 827 et·mensis
959 772 1038 829 titulo
1060 784 1136 830 otro-

59 864 124 939 uqu
138 864 304 922 maneam
321 864 361 939 Ν,
380 862 740 942 representamus:
762 862 843 920 nou
856 864 921 920 utu
936 864 1022 921 rsa
1037 864 1138 940 nun„

57 955 117 1032 qood
129 954 200 1033 apud
214 956 370 1014 Gruterum
388 956 424 1013 ad
443 957 483 1014 Ν
496 955 570 1015 Non.
587 966 672 1015 extat.
703 956 779 1024 Quid
797 959 847 1015 sibi
868 958 1015 1030 noluerint,
1034 975 1138 1033 cogno·

57 1049 124 1105 tn'bur
140 1067 172 1107 ex
192 1048 282 1126 Pigbii
306 1047 348 1105 bis
368 1051 460 1107 uerbis
485 1050 512 1106 iu
538 1051 735 1108 commentario
760 1049 880 1107 inedito:
908 1051 945 1107 lll
963 1051 1038 1111 Nou.
1057 1051 1138 1128 Sept.

56 1140 147 1198 iniust.
165 1141 245 1200 blnff.
264 1140 316 1197 ΝΡ
337 1143 426 1200 notari
451 1142 493 1201 ob·
504 1145 628 1219 Neptuni
652 1141 759 1216 fotius,
785 1150 819 1200 ut
841 1146 945 1225 partim
969 1162 1005 1201 ea
1023 1144 1139 1203 uuum

58 1232 204 1293 Kslmdorii
221 1234 482 1311 (Capranicorum)
507 1235 686 1311 fropmerttis,
709 1239 814 1312 partim
838 1252 875 1293 aa
892 1239 983 1294 Diona
999 1236 1140 1295 babemus.
1242 1310 1245 1317 Ι

58 1326 221 1385 credideram
240 1336 359 1405 propter
376 1329 516 1386 Arbacem
539 1330 681 1387 uictoriam
707 1331 745 1386 Ν
765 1330 841 1385 Nou.
861 1327 942 1404 Sept.
963 1338 1033 1387 teste
1048 1330 1140 1388 Dione

58 1420 126 1495 51,1
143 1426 314 1500 reportatam
334 1421 416 1478 tridui
441 1420 524 1480 ferias
542 1423 676 1499 Neptuno
704 1423 875 1497 celebratas,
902 1422 987 1499 idque
1006 1423 1078 1482 adeo
1097 1426 1139 1481 ui·

59 1511 137 1572 deutur
153 1515 251 1593 Pigbio
271 1516 455 1592 persuasisse,
482 1517 530 1593 qui
554 1518 673 1575 rectiora
691 1517 847 1593 ignorauit,
873 1517 1005 1592 originem
1020 1518 1140 1594 supple-
1172 1524 1175 1531 '

61 1611 125 1665 neoti
141 1628 195 1667 uon
215 1609 363 1685 ignorauit.
403 1608 494 1669 Hodie
514 1628 581 1667 uera
601 1611 712 1668 illorum
732 1611 839 1668 dierum
859 1621 958 1667 natura
976 1619 1006 1667 et
1024 1629 1070 1668 res
1088 1612 1140 1669 illis

10 1724 12 1737 ·
61 1709 135 1774 guttae
149 1703 237 1759 multo
258 1703 355 1759 melius
374 1721 409 1760 ex
429 1704 523 1760 tabula
543 1703 713 1760 Amiternina
730 1713 944 1779 cognoscuntur.
983 1702 1140 1779 Kalendae,

10 1819 11 1831 ¹
59 1810 113 1868 qnae
133 1805 224 1852 tamen
244 1795 297 1852 NP
317 1806 396 1854 erant
415 1794 530 1871 Augusti
557 1804 700 1870 ternpore,
727 1795 812 1855 feriar
838 1797 910 1854 louis
930 1795 1069 1852 Tonantis
1088 1796 1139 1853 ba·

10 1914 12 1923 ν
58 1885 164 1946 merant.
202 1888 242 1945 Ν
261 1888 336 1947 Nou.
357 1890 478 1947 uictoria'
488 1890 611 1962 Actiaca,
630 1889 669 1946 lll
686 1888 763 1948 Nou.
783 1889 878 1948 Sicula
897 1889 933 1946 de
951 1889 1039 1946 Sexto
1053 1888 1140 1945 Pom·

10 2007 12 2013 >
58 1982 105 2054 prio
121 1979 193 2037 feriis
212 1991 278 2038 sunt
297 1982 471 2041 celebratae:
495 1990 637 2059 postrema
656 1982 814 2041 consulibus
832 1983 1005 2059 designatur,
1023 1990 1054 2037 ut
1072 1980 1139 2039 mibi

10 2090 11 2107 ³
60 2071 160 2148 u'detrm
186 2083 307 2152 utruque
324 2074 464 2149 suffectis3
492 2093 557 2133 nam
575 2093 650 2132 auno
668 2075 726 2132 715
747 2074 933 2133 Octauianum
952 2072 1049 2131 uicisse
1068 2092 1141 2149 pru·

59 2162 131 2223 boob
139 2167 204 2225 Sem
214 2164 392 2245 Pompeium,
407 2168 483 2246 quod
492 2169 645 2245 Fogginins
657 2169 797 2242 opinatur,
813 2166 934 2223 absurda
945 2175 989 2222 est
1001 2167 1139 2244 iuterpre-

60 2260 117 2318 ttt‘o.
144 2258 301 2318 Nouissime
319 2263 348 2319 iu
364 2262 531 2319 Nouembris
551 2272 580 2319 et
597 2260 760 2317 Decembris
778 2259 913 2315 mensium
932 2259 1069 2336 principio
1087 2259 1139 2318 de·

60 2351 108 2410 lecit
123 2355 207 2411 bonos
225 2354 438 2431 interpolatores
457 2372 538 2412 suum
553 2353 714 2412 artificium:
736 2351 803 2408 nibil
814 2363 934 2428 poterat
949 2372 1009 2410 esse
1022 2364 1141 2431 exopta·

61 2444 114 2518 tius,
134 2448 183 2503 nisi
202 2447 287 2503 etiam
307 2446 345 2503 Ν
363 2446 438 2509 Nou.
457 2448 534 2515 Nou.
557 2457 586 2504 et
605 2446 657 2501 Vll
677 2444 718 2500 ld.
739 2445 808 2502 Dec.
829 2462 882 2519 ea,
908 2447 1027 2523 quaein
1046 2447 1141 2524 lapide

10 2582 11 2591 ,
62 2539 159 2597 attiae
174 2538 290 2616 Pighius
315 2547 451 2615 testatur,
476 2542 592 2619 insuper
611 2539 772 2596 habuissent
790 2550 819 2596 et
837 2539 1005 2609 omisissent,
1028 2539 1098 2598 illud
1116 2542 1140 2598 F

10 2634 11 2645 ¹
61 2629 142 2707 udus,
166 2633 222 2690 boc
240 2631 266 2689 C
284 2632 422 2690 Gruterus
441 2643 471 2691 et
489 2633 652 2709 Fogginius.
690 2631 825 2689 Kalendis
846 2632 969 2709 utrisque
987 2631 1033 2707 N,
1053 2633 1142 2693 Nouis

10 2775 11 2779 ,
60 2725 203 2802 utrisqueF
223 2722 261 2782 ad
288 2723 456 2801 reliquorum
481 2727 616 2785 mensium
641 2727 799 2802 exemplum
824 2726 1027 2802 ascripserunt,
1052 2743 1143 2804 eaque

57 2814 103 2891 ipsa
122 2828 279 2877 commenta
296 2817 451 2877 Nouembri
476 2839 571 2879 mense
596 2819 696 2895 singuli
724 2818 885 2876 amiserunt.
906 2888 909 2893 Ι
929 2819 1080 2878 Praeterea
1105 2821 1144 2879 lll

56 2905 116 2966 Nou.
130 2911 209 2969 Nou.
229 2910 305 2988 apud
325 2912 478 2971 Graculum
498 2925 526 2971 et
545 2913 711 2989 Fogginium
730 2912 754 2969 F
774 2910 896 2968 additur.
934 2912 993 2971 Sex
1016 2912 1076 2971 dies
1096 2913 1143 2971 lit·

57 3005 110 3060 tais
133 3014 243 3063 tantam
267 3007 463 3063 nundinalibus
489 3005 654 3062 iudicantur.
700 3006 758 3061 Hos
783 3003 884 3061 deinde
902 3004 1061 3061 Marcellius
1087 3025 1144 3062 non

55 3095 176 3156 inridicule
201 3101 242 3156 ita
267 3117 366 3155 reuera
391 3100 482 3156 notari
507 3099 686 3156 consueuisse
711 3097 824 3171 docuit,
858 3098 924 3173 quia
950 3098 1002 3152 atri
1029 3095 1143 3155 luerint.

57 3188 107 3264 ligo
119 3192 191 3269 quod
211 3193 312 3250 lacuna
330 3194 506 3268 absumptum
522 3203 575 3266 est,
595 3210 680 3247 unum
695 3199 802 3247 tautum
815 3192 1049 3261 commemorabo,
1069 3190 1146 3268 quod

59 3287 196 3362 nonnullius
222 3304 291 3343 sane
317 3296 358 3342 est
384 3285 525 3343 momenti.
572 3285 682 3341 Censeo
708 3283 851 3340 Kalendas
873 3282 1047 3342 Nouembres
1071 3285 1146 3342 diem

56 3376 165 3435 ulu'mum
184 3379 273 3437 luisse
292 3397 387 3436 eorum
408 3377 549 3453 ludorum,
570 3378 618 3455 qui
636 3377 759 3454 quinque
774 3377 921 3455 postremis
937 3375 1067 3434 Octobris
1086 3376 1147 3435 die-

56 3467 99 3526 bus
114 3472 288 3547 indicantur,
309 3472 357 3530 sed
376 3471 444 3528 Kal.
463 3471 539 3528 Nou.
559 3490 615 3527 uon
635 3471 774 3548 simplices
793 3471 892 3545 ludos,
911 3469 962 3528 sed
981 3469 1061 3526 ludos
1081 3470 1147 3526 Cir-

55 3578 138 3621 censes
155 3566 304 3639 babuisse,
331 3566 407 3621 cuius
427 3565 470 3621 rei
494 3566 640 3640 uestigium
659 3573 746 3622 restat
770 3565 799 3621 in
819 3563 976 3639 fragmento
995 3564 1147 3637 Antiatioo,

55 3657 130 3713 neus
148 3658 187 3714 ΙΝ
209 3657 339 3715 ClRCO.
379 3658 481 3735 Neque
507 3660 581 3715 enirn
608 3657 724 3731 dubito,
750 3659 817 3735 quin
840 3659 860 3714 ii
884 3675 933 3714 sex
957 3655 1065 3713 dierum
1089 3656 1147 3712 ludi
1177 3677 1180 3686 ·

55 3748 104 3805 rint
119 3752 250 3808 uictoriae
270 3751 405 3809 Sullanae
424 3751 461 3809 de
479 3752 669 3825 Samnitibus,
695 3763 724 3808 et
742 3753 809 3828 quin
835 3752 873 3808 de
894 3752 928 3808 iis
952 3748 1147 3825 intelligendus

57 3840 89 3898 tit
104 3843 222 3902 Velleius
241 3850 273 3918 2,
293 3851 341 3906 27.
381 3845 501 3902 Videtur
521 3845 567 3901 bic
585 3856 634 3901 aut
659 3864 714 3902 uno
733 3842 924 3900 Kalendarum
943 3843 1006 3915 die,
1026 3852 1075 3899 aut
1093 3861 1148 3919 po·

56 3934 180 3994 mutuum
200 3956 235 3996 eo
256 3938 303 3996 die
321 3960 339 3996 a
356 3940 437 3998 Sulla
456 3940 597 3996 institutos
616 3938 717 3995 dicere.
753 3938 797 3994 lla
816 3937 852 3993 de
871 3953 954 3993 causa
971 3936 1148 4012 interpretes,
1186 3976 1190 3981 -

55 4033 208 4105 praesertim
226 4033 275 4110 qui
293 4033 454 4108 ignorarent
472 4035 600 4092 lacunam
618 4032 647 4088 iu
663 4031 728 4088 last.
743 4029 823 4087 staff.
840 4047 913 4103 esse,
932 4048 987 4086 non
1006 4029 1066 4085 aursi
1083 4038 1149 4085 sunt

55 4125 148 4183 certius
168 4124 237 4202 quid
263 4136 395 4184 statuere.
441 4129 546 4186 Verum
569 4126 689 4203 primum
715 4123 775 4182 ludi
800 4142 896 4182 omnes
921 4125 951 4181 in
976 4123 1028 4181 bac
1053 4122 1148 4179 tabula
