2550 4574
466 260 597 319 QVANDO
619 261 749 311 SCRIP'I'I
1099 262 1162 317 Gli

39 415 83 476 sd
100 425 226 495 tropas
243 415 380 495 Pompeii,
397 414 452 475 Dio
471 417 520 488 41,
532 416 580 485 24,
599 413 650 474 sed
671 415 775 493 templa
793 413 928 493 spoliauit
946 415 1049 496 ubique
1066 426 1164 477 urum

39 528 112 568 rum
132 510 266 588 plurimo,
284 510 339 568 Dio
356 511 408 584 41,
421 511 476 584 393
495 512 546 584 42,
561 511 611 585 84,
623 510 680 584 48;
699 510 749 584 43,
763 511 812 584 47,
825 511 863 567 40
869 530 880 582 3
898 508 1018 588 Appias.
1031 511 1068 577 b.
1082 531 1109 573 c.
1124 518 1157 590 2,

43 605 108 678 ⁴¹3
137 603 220 663 Suet.
240 605 323 663 Caes.
342 603 392 662 64.
435 602 480 661 sd
498 620 601 661 aunum
620 603 703 680 igitur
721 603 778 662 706
797 622 885 682 usquc
902 605 974 662 mitti
991 603 1021 663 hi
1038 606 1101 665 libri
1118 607 1159 669 ret

44 698 204 757 Caesarem
222 703 355 775 poterunt
372 715 475 774 magos
500 715 563 754 cum
590 698 726 771 utilitate,
750 698 774 755 si
800 697 895 774 legere
910 696 995 756 modo
1013 699 1160 777 uoluisset,

48 790 171 870 utquid
188 792 347 869 pontificem
366 791 498 866 deceret,
525 791 659 849 disceret:
687 790 864 849 metuendum
889 792 995 850 scilicet
1018 802 1094 867 erat,
1118 812 1159 857 rre

49 902 118 944 essm
135 885 185 963 qui
203 902 235 942 se
256 886 365 944 iuberet
387 903 533 961 assurgere
559 884 675 943 uetustis
694 885 854 943 ceremoniis
873 893 905 943 ut
926 885 1003 943 illum
1023 887 1058 945 C.
1080 889 1160 949 'tus

52 978 176 1053 1106οι0,
201 978 282 1037 Suet.
301 997 327 1040 c.
340 977 389 1053 78,
408 980 499 1036 minus
521 977 649 1037 familiari
675 979 753 1037 uultu
778 977 937 1056 respiceret.
976 979 1069 1040 Varro
1087 999 1158 1045 ueto

53 1070 251 1130 mittendum
270 1071 421 1146 librorum,
446 1072 508 1131 siue
525 1072 621 1148 scripti
644 1073 698 1129 iem
714 1069 847 1146 fuerunt,
873 1073 933 1131 siue
949 1069 1071 1131 scribere
1088 1084 1160 1135 tunc

57 1165 162 1242 coepit,
179 1182 236 1223 non
249 1144 322 1224 lsnte
340 1166 482 1223 consilium
496 1183 599 1244 rapere
614 1165 715 1242 potuit,
734 1182 820 1241 quam
832 1183 895 1223 cum
908 1166 1030 1225 Caesare
1047 1167 1075 1225 iu
1091 1185 1159 1244 gru-

57 1260 123 1317 tisru
141 1257 276 1333 rediisset,
296 1257 372 1335 quod
390 1257 496 1316 factum
514 1277 576 1317 esse
596 1256 706 1316 uidetur
723 1259 775 1316 sub
794 1258 877 1317 finem
897 1260 962 1317 anui
980 1263 1050 1333 707,
1068 1263 1157 1340 siqui·

56 1351 121 1411 dem
139 1361 270 1417 euentum
291 1350 447 1409 babuerunt
465 1370 538 1429 quae
557 1353 656 1410 Cicero
675 1369 742 1428 epp.
761 1353 792 1426 9,
806 1355 826 1411 6
838 1361 868 1411 et
885 1356 903 1413 7
921 1354 1018 1429 suasit,
1038 1373 1158 1431 quarum

58 1445 236 1523 posteriom
255 1443 430 1503 menifestum
446 1455 489 1504 est
507 1445 584 1523 loqui
603 1463 660 1501 non
679 1443 716 1503 de
729 1443 855 1507 Caesaris
872 1445 994 1505 aduentu
1015 1456 1078 1524 post
1097 1450 1159 1511 bel-

58 1538 115 1595 lom
131 1537 308 1612 Μῐίωιιιιιιι,
331 1537 380 1597 sed
404 1555 441 1597 ex
457 1538 559 1599 Ponto.
602 1537 741 1596 Nimirum
766 1556 823 1596 non
846 1547 890 1596 est
915 1557 1028 1599 necesse
1050 1540 1157 1605 editum

59 1629 116 1688 boc
129 1649 227 1709 corpus
245 1631 331 1690 subse
348 1639 416 1690 ente
433 1632 551 1692 adaucto
569 1650 588 1692 e
608 1632 731 1690 Caesare
748 1629 922 1689 secerdotum
942 1633 1059 1710 collegia
1078 1654 1156 1709 sono

60 1721 98 1781 V.
112 1724 228 1798 (27⁰7,
254 1735 326 1783 teste
344 1724 436 1784 Dione
455 1727 550 1785 Cassio
569 1729 619 1800 42,
638 1726 695 1799 01,
713 1724 779 1801 quia
799 1736 927 1801 quartum
946 1726 1036 1803 legisti
1053 1729 1157 1793 librum

58 1816 140 1876 tube
163 1818 201 1877 de
224 1819 360 1894 XVniris,
384 1820 460 1897 iique
483 1818 594 1877 dicendi
619 1817 722 1877 luerint
746 1816 880 1893 XVluiri,
906 1819 971 1879 uide
994 1821 1091 1881 blueil.
1118 1823 1179 1881 ad*

59 1910 138 1971 varr.
155 1910 231 1970 del.
250 1911 270 1969 l.
289 1916 319 1983 7,
332 1915 387 1969 88:
414 1914 475 1989 ipse
490 1911 546 1969 Dio
571 1922 651 1971 uetus
677 1929 778 1973 nomeu
802 1924 943 1971 seruatum
969 1915 1073 1974 indicat
1092 1935 1156 1979 curm

59 2005 147 2063 scribit
162 2006 213 2078 44,
234 2006 287 2062 15:
316 1999 418 2083 ἱερέων
439 2003 500 2062 τῶν
519 1999 732 2063 πεντεκαίδεκα
751 2000 959 2079 καλουμένων.
997 2008 1156 2067 Fatendum

60 2098 147 2176 potios
164 2107 225 2172 est,
246 2099 282 2155 ab
302 2117 336 2157 ec
353 2117 403 2174 re,
423 2117 480 2177 qua
498 2099 615 2176 primunr
635 2099 795 2176 pontificem
814 2118 886 2159 max.
907 2101 1012 2158 Caesar
1029 2120 1061 2159 se
1079 2102 1156 2159 exbi-

61 2192 131 2261 buit,
157 2191 315 2249 confirmari
337 2194 462 2271 potuisse
488 2193 516 2250 iu
544 2182 877 2270 proposito'Varrouem.
922 2193 998 2251 Num
1023 2193 1091 2271 quid
1118 2194 1156 2255 de

61 2285 183 2343 editionis
202 2295 328 2363 ternpore
347 2287 438 2365 colligi
456 2287 543 2364 possit
562 2305 597 2344 ex
610 2304 656 2360 ec,
675 2284 752 2364 quod
771 2284 851 2345 ludos
869 2286 960 2345 nullos
972 2285 1063 2345 Varro
1077 2307 1155 2349 com·

61 2380 217 2437 memorauit
235 2388 348 2456 praeter
361 2382 485 2438 scenicos
501 2388 532 2436 et
550 2379 697 2454 circenses,
717 2397 780 2437 com
799 2378 916 2436 sciamus
936 2381 964 2436 in
982 2381 1156 2460 ompbitbea·

63 2480 101 2530 tro
120 2474 224 2550 primos
252 2471 341 2530 tactos
365 2491 426 2530 esse
450 2473 486 2530 ab
510 2473 570 2549 ipso
590 2472 712 2531 Caesare
732 2490 806 2531 anno
826 2475 901 2546 708,
924 2473 978 2531 Ι)1ο
996 2478 1047 2551 48,
1066 2482 1104 2534 22
1124 2486 1156 2539 et

64 2565 187 2644 interpp„
211 2567 272 2643 ipse
291 2566 395 2624 nescio.
433 2565 505 2623 Illud
524 2584 655 2644 quoque,
680 2564 758 2644 quod
781 2565 856 2643 apud
875 2566 958 2625 Seru.
978 2568 1014 2625 ad
1032 2572 1103 2628 Aen.
1122 2575 1156 2648 8,

64 2660 113 2717 008
127 2661 242 2736 legitur:
274 2664 366 2718 Verso
383 2658 545 2736 indignatur
562 2659 771 2719 secundusne
789 2660 854 2720 deco
872 2648 980 2720 Romae
999 2661 1066 2737 ooli,
1092 2667 1155 2742 pri-7

64 2769 129 2810 mour
147 2755 334 2831 perincertum
355 2764 413 2829 est,
439 2773 506 2812 num
526 2753 563 2811 acl
582 2753 633 2811 bos
657 2753 742 2813 libros
761 2754 917 2831 pertineat,
942 2755 1042 2816 deiude
1061 2768 1156 2835 potest

65 2845 152 2904 reterri
163 2847 200 2907 ed
214 2848 375 2926 gliscentem
390 2866 451 2906 cam
466 2849 677 2924 peruersitatem
690 2848 763 2909 inter
775 2867 863 2907 anuos
876 2849 946 2924 696,
965 2869 1021 2926 quo
1034 2851 1156 2926 primum

65 2935 171 3017 expulsa
187 2950 254 3013 sunt
274 2942 326 2997 ista
345 2941 457 2998 nurnine
477 2950 547 2998 teste
562 2941 684 2999 Tertull.
697 2940 764 2999 adu.
775 2951 857 3018 gent.
877 2962 903 3001 c.
916 2945 946 3017 6,
966 2946 1078 3018 ottus,
1098 2963 1155 3020 quo

65 3031 152 3093 bemm
171 3044 244 3091 teste
263 3034 354 3091 Dione
372 3036 423 3108 42,
438 3036 489 3107 26,
508 3042 537 3091 et
555 3037 624 3108 711,
642 3054 700 3113 quo
718 3034 835 3093 reducta
853 3054 913 3103 esse
931 3035 1014 3093 docet
1032 3036 1087 3093 Dio
1104 3038 1156 3111 47,

65 3127 103 3187 li.
127 3127 205 3186 Satis
227 3127 312 3202 igitur
330 3136 390 3184 esto
409 3126 460 3183 bos
479 3127 563 3184 libros
582 3146 676 3187 rerum
697 3127 853 3187 diuinarum
871 3129 989 3204 scriptos
1010 3147 1071 3187 esse
1088 3138 1156 3191 aute

64 3217 136 3278 lineos
154 3220 191 3278 de
210 3220 230 3278 Ι.
250 3220 282 3294 1.,
308 3218 384 3296 quod
409 3229 488 3297 potet
513 3238 549 3278 ex
568 3224 598 3295 6,
612 3225 651 3278 -13
664 3231 699 3279 et
719 3224 775 3295 18,
793 3230 824 3278 et
842 3221 951 3279 biennio
970 3231 1037 3280 aute
1054 3221 1156 3283 acade-

64 3313 135 3370 micos
154 3313 297 3370 Ciceronis
316 3314 490 3389 quaestiones
509 3313 652 3391 prodiisse.
691 3313 733 3373 ltl
752 3314 825 3373 enirn
844 3319 873 3389 1,
888 3314 968 3375 stin.
986 3316 1015 3372 in
1034 3316 1156 3393 antiqui·

64 3413 140 3464 tatum
158 3407 306 3484 prosecutis
323 3405 514 3482 philosophiae
529 3425 564 3465 se
582 3424 697 3483 operam
715 3405 825 3472 neusse
842 3407 903 3484 ipse
921 3407 1012 3467 Varro
1031 3409 1082 3483 ait,
1101 3410 1156 3469 boc

20 3546 24 3553 .
64 3499 140 3559 estin
165 3498 240 3554 libris
264 3497 447 3572 singularibus
472 3501 580 3577 utu-inus
605 3501 715 3576 corpori
739 3501 920 3578 praepositis:
949 3501 1050 3561 deiude
1068 3521 1155 3581 supra

65 3590 106 3660 §2
125 3591 210 3668 paulo
228 3590 350 3664 diutius,
373 3610 456 3667 quiens
480 3594 694 3669 consueuerint,
720 3611 815 3653 musae
835 3594 968 3657 Varronis
988 3596 1093 3653 siluisse
1112 3596 1156 3655 di·

64 3691 169 3758 cretur,
193 3683 280 3763 idque
298 3686 429 3762 quamdiu
447 3684 549 3761 suerit,
574 3684 656 3745 docet
683 3687 799 3765 epistola
819 3688 961 3748 Ciceronis
979 3689 1016 3748 ad
1034 3690 1155 3751 niseum

66 3776 93 3830 11
412 3788 414 3793 ’
955 3818 963 3831 .

94 3781 298 3948 ’1621891600
322 3868 399 3948 apud
425 3870 751 3946 Augustinumiudicate
779 3893 835 3931 nou
861 3882 904 3931 est
928 3871 1155 3937 dissimulandum

10 4020 13 4032 ,
67 3955 266 4021 dubitationibus
285 3963 360 4021 baud
379 3982 443 4021 raro
463 3982 523 4023 csse
542 3965 670 4025 obnoxia.
703 3968 789 4026 Velut
806 3965 886 4041 illud,
904 3965 981 4043 quod
998 3985 1074 4024 nono
1093 3963 1156 4024 loco

10 4101 13 4139 3
67 4058 229 4134 tramcripsi,
254 4057 315 4134 ipse
339 4058 507 4133 Augustinus
530 4058 562 4131 6,
580 4060 617 4134 4,
643 4060 690 4117 ubi
715 4059 752 4118 de
774 4058 865 4136 primo
885 4058 1057 4136 potissimum
1083 4057 1155 4114 libro

10 4192 13 4229 3
68 4140 184 4208 Varronis
204 4149 356 4228 disceptat,
375 4148 442 4209 aiibi
459 4151 581 4227 positm
598 4151 683 4212 fuisse
701 4162 812 4229 narrat,
829 4160 859 4211 et
876 4151 952 4230 quod
971 4152 1082 4211 tertium
1099 4147 1154 4208 de-
