2550 4574
144 244 272 294 mxxvm
601 242 678 290 auiti
699 242 775 292 nott.

38 358 46 369 Ι
143 406 247 472 artata
264 410 321 473 qna
337 393 463 452 subtilior
480 394 614 471 temporis
631 394 831 455 administratio
853 405 884 457 et
901 400 967 459 olim
986 400 1172 463 administrati
1192 422 1241 464 no-

142 495 205 555 titia
222 493 270 550 uix
287 490 344 547 ulia
362 486 433 545 suit:
452 497 625 565 quapropter
642 490 672 547 in
689 490 848 566 indaganda
866 495 1025 554 coniectum
1044 514 1104 561 oem
1124 499 1242 575 W

142 598 173 648 et
190 606 209 645 a
227 603 295 642 uero
319 583 463 639 aberrasse
487 582 635 658 uidentur,
661 600 756 660 aquo
775 583 866 645 Licin.
887 587 983 647 Macer
1005 589 1132 649 fortassis
1152 592 1241 657 abfuit

142 681 267 761 propius.
304 677 348 734 De
367 694 440 733 anno
458 677 576 753 pristino
594 673 807 734 duodecimestri
825 678 935 758 iosepbi
953 682 1106 759 Scaiigeri,
1133 682 1174 743 de
1191 684 1240 745 de.

141 772 260 833 eimau-i
284 769 431 827 Niebubrii
455 764 615 845 praeclarae
640 777 736 827 extum
760 770 975 848 disputationes:
1001 776 1149 854 utriusque
1175 768 1242 837 anni

138 869 277 927 fflfi⁰⁰¹¹¹¹¹
292 862 521 930 ⁶⁰⁰i¹¹⁰⁰fi⁰⁰0ffls
540 860 669 938 quicquid
684 865 791 922 monuit
805 865 973 926 Niebuhrius
986 867 1015 926 b.
1028 867 1066 925 R.
1085 876 1115 943 1,
1129 875 1240 949 pisid,

139 962 243 1022 nuliam
262 958 388 1036 primitus
406 953 518 1012 affuisse
534 964 622 1033 puto,
640 955 690 1012 sed
708 957 812 1016 iactam
832 959 981 1039 aliquando
998 970 1149 1039 postquam
1168 982 1240 1041 gen.

139 1064 194 1129 tes,
214 1069 331 1130 quarum
351 1049 496 1127 peculiaris
516 1066 699 1126 unaquaeque
716 1049 787 1126 fuit,
806 1052 984 1126 coaluerunt,
1002 1048 1159 1130 expositam
1176 1057 1239 1116 ion-

139 1148 220 1208 tasois
237 1147 266 1202 in
285 1146 346 1200 iure
364 1141 524 1219 Papiriano,
544 1142 602 1200 uid.
621 1143 708 1201 Dion.
728 1144 792 1203 Hal.
812 1149 841 1220 3,
854 1148 892 1202 36
908 1146 957 1203 fin.
995 1146 1064 1205 Eius
1082 1167 1153 1209 uero
1171 1169 1238 1210 con·

44 1280 47 1285 -
140 1240 283 1301 eiliationis
301 1239 330 1293 in
347 1236 532 1292 testimonium
552 1236 669 1293 coniicio
688 1255 737 1295 sex
755 1239 889 1296 mensium
907 1239 1021 1297 nomiae
1037 1257 1074 1299 ex
1090 1258 1168 1300 anuo
1179 1242 1239 1303 La·

138 1338 277 1407 tinorum,
303 1331 391 1386 altera
416 1348 465 1385 sex
493 1348 528 1386 ex
553 1320 645 1403 anno,
674 1332 859 1409 cuiuscunque
884 1330 1060 1408 geutis‘fuit‚
1086 1344 1237 1414 antequam

139 1429 256 1507 cyclicus
274 1424 366 1497 fieret,
384 1422 470 1480 fuisse
487 1432 632 1499 usurpata.
664 1423 721 1481 iam
737 1444 804 1483 uero
824 1426 863 1483 iili
880 1427 1029 1503 scriptores
1047 1418 1236 1487 aCer'rsoriuo

138 1521 285 1593 nominati,
310 1519 359 1595 qui
384 1518 509 1574 notitiam
532 1515 569 1572 da
593 1533 667 1573 anno
693 1517 848 1576 decimestri
872 1518 1061 1596 imperfectam
1087 1519 1235 1597 babuerit,

137 1616 252 1692 uestigia
270 1614 368 1688 exigua
382 1612 430 1668 ilia
445 1608 627 1667 aNiebuhrio
643 1629 672 1686 p.
683 1611 740 1667 315
760 1620 893 1669 annotata
910 1610 1164 1689 deprehenderent,
1182 1634 1236 1673 ao·

136 1712 210 1769 mina
234 1707 394 1765 Decembris
420 1703 523 1761 inducti
549 1703 734 1781 undecunque
760 1714 923 1782 argumenta
947 1706 1096 1765 maximam
1113 1719 1236 1785 partem

136 1803 278 1862 dissimilia
297 1799 539 1875 conquisiuerunt,
565 1796 641 1855 unde
664 1798 824 1872 efficerent,
850 1807 880 1855 ut
897 1797 1014 1855 Martius
1038 1784 1147 1875 primus
1169 1803 1235 1859 anni

136 1895 306 1954 decimestris
325 1893 426 1951 mensis
444 1891 550 1948 suisset.
585 1891 629 1948 Ea
647 1901 810 1965 argumenta
829 1891 925 1949 iisdem
942 1909 1034 1964 paene
1053 1892 1235 1993 uerbis⁴pro÷

72 2014 75 2019 ·
134 1991 229 2050 ierunt
242 1985 360 2046 Ouidius
379 1991 407 2056 3,
423 1988 584 2043 lab-148
599 1995 628 2043 et
641 1984 797 2051 Macrobius
818 1992 847 2059 1,
859 1991 907 2055 12,
921 2005 951 2063 p.
963 1987 1033 2058 242,
1046 1988 1117 2060 243,
1136 1986 1235 2064 credo,

135 2104 171 2144 ex
189 2082 333 2151 Varrone,
358 2082 434 2137 cuius
460 2098 523 2136 cum
549 2079 642 2135 uerbis
668 2078 704 2136 de
723 2079 742 2137 Ι.
763 2080 782 2136 l.
802 2081 832 2152 9,
847 2082 886 2137 86
905 2079 1030 2137 conseres
1049 2077 1138 2140 Ouid.
1159 2099 1235 2141 uem.

134 2176 201 2237 125.
239 2175 410 2233 Niebubrius
429 2191 491 2229 cum
516 2192 544 2249 p.
557 2176 614 2229 313
637 2182 719 2248 neget
743 2190 846 2229 annum
870 2172 1060 2230 decimestrem
1077 2174 1177 2231 -soium
1204 2176 1234 2233 ia

133 2291 186 2329 usu
210 2270 310 2338 fuisse,
336 2268 411 2345 quod
431 2286 486 2324 non
506 2268 682 2342 negauerim,
711 2284 768 2342 quo
787 2267 847 2323 iure
865 2286 896 2343 p.
911 2267 969 2323 315
987 2266 1118 2327 Martiam
1136 2269 1235 2344 proxi.

133 2382 208 2422 mum
227 2361 373 2420 Decembri
391 2361 477 2417 fuisse
495 2369 615 2429 statuat,
642 2379 696 2417 non
716 2359 857 2435 intelligor
883 2369 972 2418 torum
991 2356 1058 2416 iliud
1077 2356 1113 2416 de
1131 2359 1235 2419 additis

132 2455 260 2512 Ianuario
279 2462 309 2510 et
327 2454 479 2510 Februario
503 2455 640 2511 mensibus
660 2455 879 2511 commenticium
899 2454 1033 2511 existimo.
1072 2451 1105 2510 si
1123 2450 1161 2511 de
1178 2455 1234 2513 illis

128 2530 300 2624 ¹argumentis
319 2548 445 2622 quaeris,
471 2545 554 2603 facile
572 2555 614 2603 est
633 2545 787 2604 dedocere:
816 2547 912 2605 laurea
936 2548 1074 2604 curiarum
1092 2553 1125 2603 et
1142 2545 1233 2605 flani-

131 2658 198 2699 num
217 2640 341 2715 ignisque
354 2639 458 2697 Vestae
475 2648 602 2716 spectant
621 2638 658 2695 ad
677 2639 830 2716 perfectam
843 2641 983 2716 superiori
1001 2658 1096 2697 meuse
1115 2638 1232 2705 februa·

66 2724 70 2741 '
130 2734 250 2791 tionem:
270 2734 335 2788 noui
354 2732 528 2808 magistratus
546 2732 584 2789 ad
598 2732 796 2809 Regifugiums
815 2733 962 2808 uectigalia
980 2733 1016 2790 ad
1036 2735 1230 2810 magistratum

130 2837 239 2901 uotum,
257 2835 288 2882 ut
306 2843 410 2881 unaare
428 2835 457 2882 et
475 2843 631 2903 perennare
650 2826 793 2884 commode
811 2827 918 2900 liceret,
938 2834 1071 2884 consueta
1089 2834 1152 2883 erat
1170 2825 1230 2883 sor·

130 2920 205 2979 mula
224 2919 339 2977 aliorum
358 2937 469 2996 quoque
487 2939 645 2994 sacrorum,
672 2919 728 2978 uid.
749 2918 806 2979 Ou.
826 2924 854 2993 4,
870 2918 944 2994 7753
966 2926 994 2995 1,
1005 2920 1060 2978 872
1085 2918 1230 2977 mercedes

131 3015 349 3093 Quinquatribus
367 3011 519 3071 soluendae
544 3021 573 3070 et
598 3030 701 3071 coenae
726 3032 869 3071 seruorum
887 3029 939 3090 per
956 3030 988 3071 se
1006 3030 1062 3071 non
1079 3022 1148 3069 suut
1165 3012 1230 3071 ido-

129 3127 200 3169 neae
219 3108 256 3167 ad
276 3107 459 3185 probandum.
498 3106 686 3178 Consimiiem,
707 3117 737 3162 ut
756 3107 870 3182 opinor,
888 3107 925 3164 ob
945 3124 1057 3163 causam
1076 3105 1168 3163 uisum
1186 3114 1228 3164 est

128 3203 157 3260 in
177 3219 250 3259 anno
268 3201 482 3258 duodecimestri
500 3200 683 3258 Februarium
702 3198 850 3270 aliquando
876 3200 1000 3257 ultimum
1023 3215 1147 3265 mensem
1167 3216 1228 3258 esse

128 3294 275 3366 debuisse,
299 3312 382 3370 quam
401 3295 563 3371 opinionem
588 3303 741 3370 posuerunt
761 3291 880 3352 Ouidius
904 3298 936 3366 2,
954 3293 994 3350 47
1011 3310 1055 3369 sq.
1074 3303 1104 3351 et
1122 3291 1228 3351 Paulus

125 3387 266 3446 Diaconos
284 3405 314 3462 p.
322 3388 372 3461 85,
393 3391 428 3442 13
447 3387 543 3445 Mucii·
582 3385 686 3445 Ouidio
704 3388 733 3444 in
753 3404 788 3444 eo
808 3387 869 3444 ioco
887 3404 1017 3463 magnam
1034 3385 1165 3443 iniuriam
1182 3386 1225 3444 ie·

126 3482 164 3539 cit
181 3480 304 3538 idelerus
324 3478 429 3536 enchir.
447 3480 545 3539 emon.
563 3485 593 3555 2,
611 3499 642 3557 p.
654 3482 711 3553 53,
736 3481 815 3556 quasi
833 3481 1002 3556 ignorasset,
1021 3488 1054 3536 ut
1071 3480 1165 3539 Varro
1182 3480 1225 3539 lo·

32 3594 34 3598 ·
125 3576 235 3654 quitur,
263 3590 319 3631 ooo
336 3576 428 3631 minus
449 3577 481 3630 io
505 3572 655 3646 foetatur
678 3581 789 3652 propter
812 3577 959 3633 maumam
984 3573 1114 3631 maara
1136 3578 1227 3643 muru

124 3688 207 3745 otram
219 3675 331 3745 propter
348 3669 492 3724 ardebam
509 3665 653 3726 deatum
670 3669 774 3726 scilicet
791 3674 916 3744 ternpore
935 3686 1009 3728 uers.
1021 3667 1062 3723 54
1079 3675 1147 3725 runt
1165 3666 1228 3729 dics.

123 3762 195 3838 prid.
225 3761 272 3817 Ki'
292 3761 376 3818 Febr.
398 3769 428 3817 et
452 3759 517 3816 Kal.
538 3760 641 3836 Mart,
666 3765 788 3837 spatum
813 3780 886 3819 uera.
911 3760 950 3820 53
974 3769 1017 3819 est
1040 3768 1224 3827 menstruum.

123 3856 204 3931 Apud
224 3854 339 3912 Paulum
359 3852 448 3912 codex
466 3872 484 3910 a
503 3872 548 3911 me
566 3867 713 3933 usurpatus
732 3856 832 3913 babet:
852 3857 918 3931 quia
934 3861 1224 3913 mussitantem.

120 3944 237 4005 Praeter
255 3948 324 4005 baec
343 3949 429 4006 uerba
449 3954 537 4004 totum
560 3945 589 4005 id
610 3948 711 4007 lemma
729 3949 857 4007 Verrium
877 3947 942 4005 olim
963 3965 980 4004 a
1001 3938 1129 4013 Varrone
1146 3966 1224 4005 sum·

18 4090 23 4095 .
89 4098 95 4107 ,
119 4040 207 4118 puisse
224 4040 307 4098 iidem
325 4040 392 4099 facit
405 4041 573 4099 Censorium
589 4047 619 4117 1,
629 4048 678 4118 22,
698 4062 729 4120 p.
742 4048 806 4102 121.
844 4041 943 4099 Donec
961 4041 1067 4117 liquida
1086 4059 1123 4099 ex
1141 4041 1224 4101 bouis

118 4130 199 4193 codd.
219 4133 361 4194 docebitur
379 4136 433 4195 ista
450 4135 537 4196 uerba
554 4152 590 4195 ex
607 4137 773 4214 gloaiemate
791 4136 944 4213 irrepsisse,
963 4135 1064 4199 omnia,
1075 4152 1129 4195 sua
1149 4133 1224 4194 Oui·
