2550 4574
537 242 688 294 manante
894 284 899 298 .
1049 252 1164 304 coxan
1219 287 1222 292 ·
1237 256 1240 263 ’

63 394 135 454 lone
152 403 184 455 et
200 394 265 457 Dite
285 414 337 475 pru
350 395 483 475 Neptuno
503 398 570 476 puni
588 398 707 460 uidetur.
746 399 831 464 Hanc,
844 399 903 459 iure
922 404 1034 481 negauit
1045 404 1162 467 Clause-

43 488 128 549 nius
145 509 176 568 p.
186 494 244 550 878
262 491 426 568 pertinuisse
444 490 480 548 ad
500 491 659 568 religionem
676 506 828 552 romanam.
865 493 995 554 Proxima
1013 509 1057 558 est
1075 501 1160 578 uulgi,

64 599 81 639 a
100 600 159 659 qua
178 583 266 642 uoluit
284 583 416 642 recedere
434 584 523 643 Varro
542 585 580 644 de
597 584 617 644 l.
632 586 651 644 l.
664 589 693 656 a,
706 589 758 645 19:
779 587 947 646 Portunalis
964 587 1038 648 dioto
1052 611 1073 651 u
1085 597 1161 653 Pur-

62 681 145 749 tuao,
166 680 230 752 quoi
248 696 280 736 eo
298 677 344 736 dia
360 677 443 736 uades
460 681 491 736 ia
508 685 593 757 portu
613 678 741 738 halaam
758 679 839 753 foetu
856 687 883 738 et
900 679 988 753 furius
1003 685 1163 759 institutum

62 768 116 826 cfr.
139 768 196 827 Ou.
217 772 247 845 6,
264 771 331 829 540.
370 771 487 830 Doctius
506 773 595 831 Varro
614 773 683 832 dirit
705 773 805 852 fragm.
826 772 907 830 huius
925 773 987 831 libri
1004 777 1034 833 7.
1071 776 1160 835 Nam·
1210 766 1213 771 ’

60 879 119 938 que
138 862 185 920 illa
204 864 288 923 aedes
307 867 334 922 in
353 874 453 943 portu,
472 867 531 924 siue
550 864 586 923 ad
605 876 719 943 pontem
739 866 900 941 hemihum,
924 876 955 929 ut
974 877 1016 926 est
1034 869 1062 925 in
1081 869 1160 933 fastis
1229 893 1231 899 ·

62 955 188 1033 Capran.
209 966 238 1015 et
257 959 390 1018 Amitern.
409 959 474 1017 XVl
492 959 542 1016 lll'
559 959 653 1037 Sept,
673 960 696 1018 si
720 961 902 1019 uetustissima
923 977 975 1019 nec
993 971 1057 1039 post
1074 961 1159 1022 ferias
1265 1030 1268 1035 ,

59 1048 201 1108 institutas
221 1059 249 1109 et
267 1061 378 1129 portum
397 1055 572 1127 instructum,
591 1054 650 1135 qui,
670 1052 746 1132 quod
763 1055 859 1128 sciam,
879 1062 944 1112 ante
959 1072 1061 1112 annurn
1075 1056 1110 1115 V.
1123 1057 1158 1117 C.
1261 1078 1264 1085 ·

60 1143 133 1218 573,
152 1144 216 1201 Liu.
230 1146 280 1218 40,
294 1146 343 1220 51,
365 1165 421 1204 non
441 1155 684 1220 commemoratur,
704 1164 739 1205 eo
759 1148 787 1205 iu
806 1148 868 1206 loco
885 1145 1013 1206 dedicata
1030 1148 1094 1224 fuit,
1112 1148 1158 1208 fa·

59 1253 129 1294 cere
147 1255 216 1296 sane
234 1240 334 1316 potuit,
355 1251 385 1297 ut
403 1239 440 1297 de
458 1239 503 1296 dei
523 1239 633 1297 nomine
651 1241 772 1318 populus
792 1248 907 1310 erraret,
927 1241 1054 1299 Matutae
1071 1241 1159 1302 filium

59 1328 118 1386 inm
145 1339 212 1388 tunc
235 1351 299 1391 eum
324 1333 448 1392 habitum
471 1334 556 1392 fuisse
581 1335 691 1391 minime
716 1333 829 1412 prohat.
869 1334 983 1412 Quippe
1007 1333 1160 1395 secundum
1259 1352 1262 1361 ’

60 1424 187 1482 tabulam
208 1426 330 1504 Capran.
350 1423 517 1486 admonente
536 1429 563 1484 in
588 1429 828 1486 retractationibus
845 1428 980 1506 Fogginio
999 1447 1029 1506 p.
1043 1408 1160 1497 raa'fe

61 1517 121 1574 rias
139 1516 235 1577 habuit
253 1521 392 1579 Portunus
412 1540 467 1580 una
486 1541 548 1579 cum
569 1522 647 1592 lano,
667 1520 898 1599 quemadmodum
915 1525 1006 1599 lanus
1018 1526 1159 1583 Portunus

63 1619 109 1668 est
124 1612 151 1668 in
170 1614 345 1691 inscriptione
355 1614 498 1673 Orelliana
513 1615 598 1674 1585.
628 1616 752 1693 Vterque
765 1615 847 1692 igitur
862 1615 930 1673 deus
944 1615 1066 1693 clauiger
1078 1616 1159 1689 (uide

62 1702 102 1761 de
120 1703 243 1764 Portuno
260 1707 341 1766 Paul.
360 1708 440 1768 Diae.
459 1727 489 1786 p.
500 1708 549 1782 56,
561 1708 594 1781 5)
613 1708 680 1766 nihil
698 1707 791 1782 aliud,
817 1727 900 1785 quam
921 1710 1050 1768 tuebatur
1067 1708 1171 1769 aditus.
1270 1696 1273 1701 ’

61 1797 294 1878 urhis-publicos,
312 1803 383 1862 sicut
402 1812 520 1880 uterque
532 1801 653 1880 praefuit
665 1801 788 1878 priuatis.
827 1801 953 1878 Ignotum
972 1821 1028 1860 nun
1076 1810 1089 1860 t
1106 1792 1159 1863 uo·

61 1892 210 1969 cabulum,
235 1894 308 1953 unde
326 1895 485 1968 Portunus,
506 1894 575 1952 deus
593 1893 880 1970 indigitamentorum,
898 1896 1021 1954 fortassis
1039 1821 1159 1957 Sefbino·
1224 1952 1227 1957 .

60 2003 125 2043 rum
144 1986 236 2058 (fest.
252 1990 500 2066 p.217,15sin.),
520 2006 620 2046 nomen
639 1989 762 2066 accepite
781 1987 832 2047 sed
851 1989 909 2046 eius
929 1988 1055 2046 uocabuli
1075 1998 1156 2047 uetu-

61 2079 132 2137 stior
144 2080 320 2162 significatus,
339 2084 387 2159 qui
405 2084 541 2142 indicatur
554 2102 571 2141 a
584 2083 711 2141 Varrone
727 2082 764 2141 fr.
775 2085 807 2157 7,
825 2082 945 2140 traditur
955 2081 1031 2159 apud
1042 2081 1158 2141 Festum

61 2191 94 2248 p.
107 2178 174 2247 233,
188 2178 227 2231 28
241 2177 308 2234 sima
332 2180 449 2235 Portum
466 2181 497 2236 ia
516 2180 581 2244 ‚rm
597 2193 649 2253 pro
668 2175 748 2233 dumo
766 2178 887 2254 positum
905 2192 998 2233 orttaes
1014 2173 1073 2247 fure
1090 2194 1158 2234 eort-

61 2255 195 2326 sentiuat'.
225 2269 321 2329 Potest
334 2271 460 2349 prolecto
477 2258 593 2328 alterum
607 2285 720 2346 quoque
738 2268 766 2326 in
782 2287 833 2327 usu
851 2267 946 2342 fuisse,
966 2276 995 2325 et
1011 2269 1077 2325 satis
1092 2277 1158 2344 erat
1230 2261 1234 2271 ¹

62 2351 182 2438 causae,
207 2381 256 2421 cur
274 2362 311 2421 ad
334 2364 466 2422 stationes
489 2363 604 2423 nauales
622 2359 774 2421 referretur
798 2360 882 2419 deust
908 2362 937 2418 in
962 2360 1037 2418 cultu
1062 2369 1156 2421 tamen

62 2455 177 2531 publico
196 2456 254 2514 eius
274 2457 380 2516 nullum
405 2467 448 2516 est
467 2459 613 2535 uestigium
632 2473 748 2533 graecae
766 2456 963 2533 qualiscunque
982 2455 1157 2531 cerimoniae,

63 2565 153 2625 quare
172 2568 190 2606 a
207 2549 316 2609 Matuta
334 2553 426 2630 potius
445 2554 471 2609 in
491 2571 556 2611 eum
574 2549 735 2627 migrauisse
756 2549 866 2607 uidetur
883 2547 987 2622 fabula,
1006 2558 1037 2605 ut
1054 2548 1095 2606 ita
1114 2546 1157 2606 di·

62 2660 138 2717 cam,
157 2645 302 2704 terrestris.
341 2645 432 2708 Venio
452 2644 488 2704 ad
508 2664 570 2704 eam
589 2645 764 2719 sententiam,
784 2661 840 2721 qua
858 2643 966 2702 Matuta
984 2641 1070 2701 fuime
1088 2642 1157 2701 dici·

62 2744 111 2794 tur
129 2754 229 2795 numen
248 2739 396 2797 Etruscum
417 2750 446 2799 et
468 2747 527 2798 toto
552 2739 599 2796 illo
623 2740 715 2797 littore
739 2738 874 2796 maritimo
893 2736 1018 2814 proxime
1037 2736 1157 2796 Romans

62 2831 185 2890 cultum:
204 2832 371 2892 Niebuhrius
387 2835 425 2891 ita
443 2835 539 2892 statuit
557 2833 587 2890 h.
605 2832 644 2891 R.
656 2837 686 2907 2,
706 2850 735 2909 p.
744 2832 812 2906 538,
832 2848 883 2888 uec
903 2829 1054 2887 dissimulat
1073 2849 1159 2889 unum
1184 2882 1186 2888 .

62 2931 172 2982 tantum
199 2926 257 2984 eius
282 2926 428 2985 delubrum
453 2945 513 2985 esse
537 2928 726 3005 exploratum,
749 2924 863 3000 Pyrgis,
888 2921 963 2999 quod
982 2921 1158 2983 Leucotheae

63 3019 223 3094 appellatur
247 3020 283 3077 ab
309 3021 398 3079 huon.
418 3039 561 3080 oeconom.
582 3039 607 3080 c.
625 3022 671 3089 19,
689 3039 718 3098 p.
733 3018 790 3075 265
808 3016 898 3074 Behlr.
919 3025 947 3073 et
964 3014 1106 3090 Polyaeno
1125 3016 1156 3091 5,

62 3114 94 3180 2,
112 3116 162 3183 21,
182 3131 211 3190 p.
233 3114 288 3172 159
308 3114 375 3173 Cor.
409 3115 558 3173 Muellerus
584 3130 695 3190 quoqne
713 3113 775 3170 Etr.
795 3115 823 3179 2,
843 3128 873 3186 p.
887 3107 925 3164 55
944 3119 973 3164 et
992 3108 1157 3166 Clausenius

62 3222 95 3281 p.
108 3207 165 3263 879
188 3205 300 3264 dubium
318 3225 378 3267 esse
396 3218 509 3286 negant,
528 3208 593 3285 quin
607 3208 715 3265 Matuta
735 3204 827 3262 fuerit.
861 3201 1024 3258 Clausenius
1043 3200 1157 3258 demon-

63 3301 164 3356 strauit
177 3318 304 3376 graecam
318 3301 399 3360 huius
415 3303 530 3359 nominis
549 3301 801 3378 interpretationem
811 3292 965 3373 profectam
982 3311 1041 3351 esse
1054 3312 1071 3351 a
1082 3293 1158 3352 Pho·

63 3393 242 3468 caeensibus,
262 3395 309 3471 qui
327 3395 516 3453 Leucotheam
535 3394 697 3467 coluerunt,
717 3401 746 3449 et
764 3389 839 3468 quod
858 3388 960 3447 Strabo
979 3387 1009 3462 5,
1028 3407 1057 3465 p.
1068 3390 1157 3445 225Α

64 3484 132 3545 Cas.
152 3485 287 3561 Ilithyiam
307 3488 513 3565 interpretatur,
532 3487 597 3544 inde
610 3486 712 3562 colligit
723 3484 857 3541 Matutam
872 3482 1060 3541 Romanorum
1072 3500 1157 3558 puer·

62 3577 134 3655 perii
158 3597 259 3636 numen
284 3579 378 3638 faisse.
418 3582 475 3638 Res
500 3581 574 3638 foret
598 3579 709 3637 maximi
732 3577 864 3634 momenti
890 3575 1063 3633 uernaculam
1088 3573 1159 3632 deae

63 3681 193 3729 naturam
211 3672 250 3730 ita
269 3674 449 3752 deprehendi,
468 3675 518 3733 nisi
535 3684 592 3732 tam
612 3673 696 3730 dubia
715 3681 796 3729 esset.
831 3670 944 3738 Quanto
964 3667 1071 3724 doctius
1090 3686 1157 3745 pru-

65 3764 160 3837 hatum
180 3767 237 3837 itur¹
249 3766 439 3827 Phocaeenses
453 3788 514 3826 cum
527 3766 716 3844 Agyllensibus
735 3764 926 3821 commercium
941 3771 970 3819 et
982 3760 1158 3818 Leucotheae

64 3877 144 3918 sacra
163 3859 302 3936 habuisse,
321 3872 400 3920 tanto
419 3864 509 3920 minus
529 3876 642 3918 necesse
660 3867 702 3917 est
719 3858 794 3916 illam
809 3857 963 3933 Pyrgorum
982 3852 1062 3912 deam
1077 3854 1159 3913 ualde

66 3955 230 4014 conuenisse
248 3955 284 4013 ad
303 3974 447 4032 graecam,
467 3956 555 4014 ueluti
572 3954 655 4012 docet
672 3951 818 4012 Strabonis
836 3951 974 4008 iudicium.
1013 3947 1087 4017 Quid
1108 3948 1167 4023 igi,

64 4056 129 4122 tur,
154 4049 178 4106 si
203 4049 326 4128 Capram
346 4058 493 4128 putemus,
517 4049 651 4106 lunonem
674 4046 838 4119 Etruscam,
865 4043 902 4102 de
928 4060 985 4120 qua
1007 4042 1110 4100 Strabo
1129 4038 1159 4113 5,

65 4158 95 4220 p.
104 4141 196 4202 241ss
210 4142 288 4220 Cas,
306 4161 380 4222 quae
396 4143 421 4203 si
438 4150 499 4204 tota
511 4141 624 4202 Etrmia
642 4141 717 4200 culte
735 4147 789 4216 est,
809 4149 924 4199 amesae
941 4145 984 4197 est
1000 4134 1030 4195 in
1048 4124 1161 4192 urbihus
