2550 4574
141 240 245 289 mlv
574 235 798 284 ΛΒΤΒΟΝΟΜῙΟΛ

290 394 329 450 Et
344 389 453 464 {antro
469 385 596 465 pmdern
614 405 727 464 quaeres
744 388 962 449 dtbmuuntidos
981 390 1087 464 Helles,

339 486 479 559 Sipnnqtte
495 481 564 541 duct
582 480 691 551 imbres,
709 485 884 559 eumdum
902 487 991 543 cunia

142 578 246 639 Verum
271 578 369 635 Arietis
395 595 522 635 occasum
543 574 597 633 boc
620 575 666 633 die
690 573 794 633 frustra
818 594 936 653 quaeres
960 579 989 635 in
1015 585 1241 639 astronomorum

142 673 266 749 scriptis,
292 680 322 728 et
341 687 391 729 uer
409 669 528 728 medium
551 687 631 726 nemo
659 686 780 746 unquam
799 671 943 729 contendit
961 669 1104 727 diuersum
1123 689 1189 730 esse
1206 674 1242 731 ab

141 765 313 843 aequiuoctio
334 780 430 821 nuno.
463 760 552 821 Priori
571 779 666 821 mense
684 761 760 838 apud
778 763 906 821 Clodium
925 765 1144 841 aequinoctium,
1162 766 1241 825 Arie-

141 870 211 928 tem,
230 859 350 925 imbres,
369 854 461 914 omnia
479 855 613 913 inuenies.
652 855 742 931 Finge
759 856 877 932 scriptos
895 856 956 915 illos
975 876 1071 931 uersus
1090 856 1130 917 de
1147 868 1241 919 extre-

139 953 191 1009 mis
203 951 297 1009 Martii
315 948 423 1022 diebus,
441 948 517 1025 quod
535 966 588 1025 per
606 949 725 1024 primum
746 948 874 1025 profecto
892 951 968 1024 licet,
986 948 1056 1007 nihil
1072 950 1130 1009 erit
1146 951 1236 1031 impe-

137 1046 260 1117 dimenti,
279 1043 330 1101 nisi
344 1042 418 1120 quod
426 1041 546 1103 ,Clodius
565 1032 663 1099 ibides
677 1032 810 1115 ἀνίσχειν
830 1043 953 1101 Arietem
967 1042 1045 1101 dixit.
1078 1044 1117 1101 At
1134 1043 1165 1101 id
1179 1044 1237 1103 sor·
1274 1101 1275 1104 ,

137 1148 212 1197 tasse
236 1136 353 1197 Ouidius
378 1136 498 1194 correxit
521 1153 573 1193 sua
597 1134 783 1211 exponentia,
808 1153 872 1193 nam
898 1136 1021 1194 ldelerus
1044 1137 1168 1213 septimo
1192 1137 1237 1197 die
1273 1204 1275 1208 .

138 1241 205 1291 unte
223 1239 290 1289 tunc
303 1229 412 1287 Romae
424 1230 540 1306 ,uesperi
557 1227 689 1287 occidisse
705 1226 796 1288 docet.
830 1228 952 1289 Posthac
971 1247 1038 1287 uero
1057 1229 1125 1305 quia
1142 1247 1236 1289 mense

137 1324 239 1383 Martio
259 1323 344 1401 paulo
369 1330 439 1379 ante
460 1338 525 1389 eum
551 1321 624 1379 diem
643 1322 743 1380 Arietis
767 1322 796 1379 in
821 1322 875 1381 alia
892 1321 988 1381 fabula
1005 1322 1110 1379 mentio
1127 1320 1234 1397 lunset,

137 1418 215 1477 illinc
233 1419 332 1476 remoti
349 1425 416 1475 sunt
433 1412 551 1475 suffecto
569 1416 633 1490 illo,
660 1415 735 1493 quod
761 1414 844 1474 bodie
869 1416 1004 1493 legimus,
1031 1414 1151 1474 disticbo
1164 1419 1232 1492 877,

135 1512 185 1569 78.
223 1510 294 1579 Quia
311 1511 339 1567 in
359 1508 481 1586 Aprilem
499 1509 687 1583 transtulerit,
712 1526 777 1565 num
796 1516 862 1584 post
878 1509 998 1569 Nasonis
1015 1518 1134 1569 mortem
1150 1509 1232 1584 alius,

135 1605 290 1678 munus,
316 1603 366 1663 sed
390 1604 469 1661 illum
494 1603 577 1662 etium
596 1601 746 1659 clausulam
765 1605 940 1680 summaque
957 1604 1037 1663 cuais
1055 1619 1090 1659 se
1107 1599 1235 1679 dignirn-

133 1716 209 1758 mam
233 1697 371 1757 addidisse
395 1696 568 1757 crediderim.
612 1694 687 1753 Sunt
710 1693 792 1752 etiam
817 1694 863 1752 alii
882 1713 999 1771 uersus,
1024 1714 1097 1775 quus
1121 1682 1181 1755 non
1199 1713 1233 1755 co

134 1792 217 1868 loco,
234 1811 291 1870 quo
308 1792 456 1868 leguntur,
474 1790 614 1868 positurum
631 1786 717 1845 fluisse
736 1785 855 1847 Ouidius
874 1788 994 1847 uidetur.
1032 1788 1108 1847 Nam
1126 1792 1159 1864 d,
1177 1791 1234 1849 399

130 1886 206 1945 alter
223 1904 259 1944 ex
275 1885 401 1945 Piscibus
424 1888 507 1945 tertio
524 1888 602 1941 nocis
627 1879 753 1939 occidere
771 1880 879 1939 dicitur.
917 1882 957 1940 Vt
972 1901 1048 1941 nunc
1066 1893 1128 1959 est,
1154 1892 1234 1953 terna

132 1997 189 2038 nox
206 1999 226 2038 a
237 1978 373 2038 Kalendis
384 1978 468 2037 llsrt.
486 1966 668 2052 intelligitur.'
695 1975 732 2033 At
749 1974 861 2047 mirum,
880 1974 932 2032 nisi
951 1975 988 2034 de
1005 1976 1088 2035 tertis
1105 1994 1125 2035 a
1143 1975 1235 2035 Nonis

17 2128 21 2137 ,
131 2072 227 2151 scripti
243 2071 368 2132 luerunt.
407 2074 490 2130 Tunc
507 2071 581 2129 enim
600 2067 728 2128 Clodius:
755 2065 794 2144 τῇ
813 2058 920 2143 πρὸξ
939 2064 1028 2129 εἰδῶν
1046 2100 1086 2117 -
1103 2061 1233 2149 sui'tp-

132 2165 217 2243 &pou
231 2156 250 2225 ri
265 2158 360 2241 tzade
374 2156 433 2224 siud
450 2163 507 2222 rosi
519 2153 612 2223 νότον
624 2153 753 2238 ἄρχεται
769 2151 973 2237 κρύπτεσθαι,
991 2164 1040 2221 ubi
1051 2181 1145 2243 aeque
1161 2166 1234 2223 mule

131 2260 161 2317 in
180 2261 259 2317 Hasii
277 2259 505 2337 interpretatione
523 2268 566 2316 est
588 2260 672 2334 pmcn
692 2275 711 2314 u
729 2263 850 2330 tuque,
878 2274 961 2332 quam
989 2257 1071 2315 tertio
1096 2256 1144 2315 die
1167 2266 1234 2336 pust

131 2345 224 2410 νότου
243 2362 339 2410 contra
358 2352 498 2426 codicem,
523 2353 638 2430 erprdso
662 2343 779 2421 νώτου,
802 2349 875 2407 inter
891 2347 964 2424 Lydi
984 2350 1071 2407 uerba
1094 2350 1168 2409 adeo
1186 2370 1233 2411 re·

132 2454 255 2522 ceptum.
306 2446 439 2502 Australis
470 2447 542 2503 enim
573 2444 765 2522 intelligendus
793 2451 836 2500 est
870 2443 952 2519 piscis
983 2443 1061 2521 apud
1086 2442 1232 2521 Ouidium,

132 2548 229 2595 contra
255 2547 339 2614 atque
365 2538 487 2596 ldelerus
511 2539 659 2596 arbitratus
686 2546 738 2595 est.
782 2536 855 2593 Dein
873 2538 906 2611 5,
924 2537 983 2593 72³
1002 2536 1079 2613 quod
1096 2536 1136 2597 de
1154 2556 1184 2597 a.
1201 2539 1232 2597 d.

129 2632 170 2689 xl
189 2630 237 2687 Kl'
256 2631 318 2687 lun.
337 2631 470 2702 traditur,
488 2630 591 2687 frustra
610 2649 727 2707 quaeras
743 2629 822 2708 apud
842 2629 988 2687 Clodium:
1012 2639 1043 2687 at
1060 2630 1107 2689 sac
1125 2639 1234 2691 motem

129 2724 204 2781 illam
222 2729 375 2798 eumenum
394 2723 430 2780 ad
448 2722 514 2779 ldus
531 2725 679 2799 pertinere,
698 2723 786 2780 disces
805 2724 840 2779 ab
860 2723 907 2781 illo
923 2742 1050 2781 occasum
1064 2729 1232 2785 matutinum

130 2835 191 2874 esse
209 2815 425 2892 intelligendum.
466 2815 558 2875 Habes
578 2816 614 2873 de
633 2818 758 2875 omuibus
776 2817 897 2875 siderum
915 2816 988 2873 notis
1007 2816 1085 2895 apud
1096 2816 1232 2877 Ouidium

130 2910 359 2988 quodexistimo.

631 3135 666 3228 p.
687 3136 718 3203 3.

205 3282 345 3350 Quoniam
364 3285 582 3355 demonstratum
610 3294 671 3359 est,
697 3292 890 3362 argumentum
915 3284 1042 3342 carminis
1062 3281 1231 3342 Ouidianie

126 3383 197 3453 quot
215 3385 245 3432 et
263 3376 389 3452 qualibus
407 3378 544 3454 partibus,
563 3385 592 3434 et
608 3377 683 3434 uude
695 3378 887 3435 concinnatum
901 3388 984 3452 esset,
1003 3378 1131 3454 proxima
1143 3395 1230 3455 quae·

125 3470 178 3527 stio
197 3467 251 3525 erit
269 3467 305 3525 de
324 3471 537 3546 pertractatione
556 3470 735 3544 lemmatum,
760 3470 796 3527 de
821 3472 905 3547 ipsius
931 3479 1033 3548 poetae
1063 3471 1091 3527 in
1120 3470 1175 3527 bac
1196 3487 1230 3527 re

124 3561 299 3636 eruditione,
324 3563 361 3620 de
381 3562 523 3620 doctrinae
547 3564 672 3621 subsidiis
699 3574 728 3621 et
753 3563 935 3639 aeliumentis,
961 3565 1062 3642 quibus
1082 3583 1150 3623 usus
1176 3570 1229 3621 est.

124 3656 240 3715 Dicetur
256 3657 347 3735 primo
366 3658 427 3715 loco
442 3655 478 3713 de
495 3654 629 3713 fastorum
644 3666 673 3713 et
687 3666 855 3736 temporum,
875 3657 1024 3734 dequibus
1041 3676 1130 3734 supra
1145 3658 1230 3715 etiam

125 3741 289 3828 occoeptuni
308 3760 361 3826 est,
378 3750 502 3809 scientia.

205 3846 279 3903 Anni
295 3845 415 3904 Romani
439 3844 558 3920 priscam
584 3843 717 3901 rationem
745 3843 873 3902 credibile
898 3854 940 3903 est
960 3854 1067 3902 ueteres
1086 3845 1229 3903 annalium

127 3938 278 4015 scriptores
298 3940 455 4008 tradidisse,
475 3937 642 4015 antiquiores
662 3939 744 3994 etiam
764 3936 832 4012 illis,
857 3939 904 4014 qui
923 3956 940 3995 a
958 3937 1102 4015 Macrobio
1121 3947 1177 3995 sat.
1199 3942 1229 4011 l,

126 4038 173 4106 13,
193 4033 288 4109 pass
303 4032 393 4090 Gron.
409 4033 436 4090 iu
454 4049 490 4091 ea
508 4049 540 4091 re
558 4032 745 4106 nominantur,
762 4030 865 4089 saeculi
883 4030 943 4088 sere
955 4031 992 4089 ab
1005 4031 1040 4088 V.
1057 4030 1091 4087 C.
1105 4030 1229 4105 septimi.

125 4127 200 4185 Fieri
225 4127 309 4203 igitur
334 4128 457 4205 potuisse
481 4125 626 4202 existimo,
657 4134 688 4187 ut
707 4125 742 4187 C.
761 4124 882 4185 Ltciuius
902 4123 998 4189 Macer
1023 4140 1058 4181 ea
1076 4122 1230 4197 sententia,
