2550 4574
121 290 169 340 XX
541 284 585 331 litt
607 280 802 330 vnrvsrnrn

122 443 207 502 ferias
225 437 364 511 babuisse,
383 433 513 494 statimne
531 433 562 492 in
579 433 668 492 fastos
686 436 804 492 relatum
825 438 961 510 nusquam
976 430 1106 505 traditur,
1127 437 1161 488 nt
1173 428 1232 488 mri-
1274 503 1275 508 ἵ

122 536 198 594 nime
216 532 315 590 mirum
328 529 363 586 sit
382 527 472 585 notari
491 544 556 585 eum
575 527 603 584 iu
622 525 700 586 fastis
715 527 901 601 Amiterninis,
921 512 1008 582 omitti
1026 524 1055 581 in
1072 521 1232 601 Malfeanla
1257 513 1275 524 ’

123 628 162 684 lli
181 628 263 705 igitur
289 620 439 681 annotat
462 621 630 679 recentiores
654 638 718 680 esse
743 621 847 679 debent
869 628 900 678 et
925 625 1059 695 possunt:
1085 616 1234 677 uideamus
1272 627 1275 632 ·

123 740 181 799 quo
200 715 389 795 nonpossint.
413 714 506 772 ·Sunt
525 723 601 772 eerte
627 715 795 792 antiquiores
807 732 849 772 ‘eo
869 721 1011 790 ternpore,
1038 729 1095 789 quo
1115 711 1235 768 Circen·

123 831 168 872 ses
186 810 304 889 Augusti
323 808 408 866 natali
426 805 487 864 fieri
505 805 661 881 desierunt,
688 807 764 885 quod
783 806 888 865 factum
908 811 964 864 nou
983 803 1096 862 uidetur
1115 800 1152 861 ad
1171 802 1235 861 Ca-

123 903 229 982 ligulae
247 919 336 980 usque
363 908 507 977 tempora,
531 900 589 958 uid.
608 901 663 958 Dio
682 900 731 976 59,
748 900 797 972 25,
816 898 866 956 sed
885 899 1034 978 aliquanda
1047 896 1157 954 factum
1174 903 1233 968 est,

122 997 162 1056 id.
180 996 231 1070 67,
252 998 305 1054 lle
329 988 381 1052 καὶ
399 992 491 1052 τοῦτο
511 989 563 1052 καὶ
583 988 631 1051 tsi
651 986 751 1051 πολλὰ
779 984 832 1067 ξ’τη
853 984 953 1060 οὕτως
973 982 1119 1066 ἐποιήθη.
1157 989 1233 1046 Ante

128 1090 274 1166 Caligulae
291 1088 436 1166 imperium
462 1088 569 1167 scripti·
581 1095 664 1163 sunt,
690 1086 739 1165 qui
765 1093 836 1144 teste
854 1084 946 1143 Dione
965 1083 1015 1159 59,
1033 1079 1234 1142 d'Saturnalia

124 1184 247 1261 quinque
267 1181 365 1240 diebus
383 1180 444 1239 fieri
462 1181 557 1254 iussit,
583 1199 647 1238 curn
672 1181 701 1237 in
730 1177 805 1236 hisce
828 1177 908 1237 fastis
934 1187 992 1236 tres
1014 1186 1120 1236 extent.
1157 1174 1233 1232 Cum

124 1294 193 1335 uero
212 1276 330 1332 testibus
349 1274 485 1332 Suetonio
506 1274 567 1332 Cal.
587 1275 673 1335 o.·17
692 1280 721 1330 et
738 1271 829 1331 Dione
848 1274 897 1346 60,
915 1271 965 1347 253
991 1272 1039 1329 ubi
1058 1270 1095 1328 d'e
1113 1266 1234 1328 Claudio

124 1367 209 1426 baec:
229 1362 294 1434 ’τοῖς
313 1384 345 1424 τε
359 1361 504 1442 Κρονίοις
522 1360 579 1445 τὴν
597 1359 738 1442 πέμπτην
757 1356 951 1441 ἡμέραν-τὴν
970 1352 1230 1439 καταδειχθεΐσιίν

124 1477 159 1519 τε
177 1449 236 1519 ini
258 1456 314 1517 τοῦ
330 1455 430 1518 Γαΐου
449 1456 501 1518 καὶ
519 1454 598 1536 μετὰ
617 1458 710 1517 ταῦτα
729 1457 961 1517 καταλυθεῖσαν
980 1449 1126 1532 ἀπέδωκε,
1146 1464 1232 1515 urrann

125 1559 234 1612 tantum
254 1551 328 1610 diem
347 1572 364 1612 a
380 1553 507 1631 Caligula
526 1548 650 1612 additum
669 1551 754 1610 subse
772 1563 891 1625 constet,
912 1540 1026 1609 necesse
1045 1561 1087 1609 est
1105 1551 1165 1610 sub·
1180 1544 1231 1607 ri·

126 1647 204 1707 borio
223 1653 345 1724 quatuor
363 1646 553 1706 Saturnalium
573 1646 689 1720 fuerint,
707 1645 793 1722 idque
811 1645 965 1724 prodidisse
983 1644 1133 1703 memoriae
1149 1641 1232 1701 uide-

10 1779 18 1819 ,
126 1749 174 1799 tur
191 1732 306 1817 Verrius
325 1740 463 1816 Flaccus,
482 1743 505 1800 si
523 1744 582 1799 eius
601 1740 649 1797 illa
668 1752 749 1809 sunt,
770 1757 844 1817 quae
863 1740 891 1797 iu
910 1738 1018 1797 schedis
1031 1737 1131 1815 Pomp.
1150 1735 1233 1796 Laeti

125 1833 202 1913 apud
219 1834 337 1892 Festum
356 1835 487 1910 leguntur
505 1855 534 1913 p.
548 1837 616 1908 173,
636 1836 673 1890 23
693 1831 739 1889 ed.
758 1833 851 1891 Santa
874 1829 981 1910 Opalia
999 1831 1056 1890 dies
1073 1829 1148 1904 fasti,
1169 1831 1234 1906 qoi-

128 1927 371 2005 bassrspplicotor
391 1922 660 2007 Opiopprllnotor,
681 1926 885 2003 quommoltcr
905 1969 913 1986 .
934 1967 944 1986 .
965 1967 1006 1987 ..
1044 1920 1237 2007 Ea-resniri

125 2019 201 2080 forte
217 2038 271 2077 usn
289 2018 398 2078 tantum
417 2020 554 2096 obtinuit,
581 2022 609 2078 in
629 2019 717 2080 fastos
737 2038 792 2077 non
811 2021 900 2079 relata
918 2031 985 2095 est,
1002 2037 1093 2098 neque
1112 2016 1238 2076 enimin

125 2111 205 2172 fastis
225 2113 403 2191 Amiterninis
423 2114 530 2173 Tiberii
549 2122 668 2173 aetatem
688 2113 827 2192 plerisque
844 2116 930 2173 titulis
950 2113 1171 2194 praeferentibus
1192 2113 1235 2171 ia-

126 2206 256 2280 uenitur,
282 2217 446 2285 argumento
472 2215 561 2278 esset,
588 2207 694 2264 Tiberii
712 2208 827 2286 imperio
845 2227 958 2286 quoque
975 2208 1154 2287 uetustiorem
1175 2223 1238 2265 esse

126 2296 251 2358 tabulam
269 2299 448 2359 Maffeanam.
486 2300 595 2360 Eodem
614 2300 755 2378 pertinere
773 2300 906 2376 dixerim,
920 2300 1009 2380 quod
1028 2302 1093 2359 Vlll
1111 2301 1159 2358 ΚΡ
1179 2299 1233 2357 lul.

126 2390 214 2459 ledae
232 2392 325 2451 Fortis
343 2394 488 2453 Fortunae
506 2396 685 2453 omittrmtrirr
703 2403 822 2453 ueteres
847 2382 908 2454 illas
934 2403 1050 2474 propter
1069 2393 1234 2452 Seruianam

127 2485 244 2561 aedem,
263 2485 309 2553 uel
329 2485 532 2561 Caruibanam,
559 2488 703 2564 probabile
722 2497 766 2547 est
784 2489 1144 2567 obsoisubs032posrquam
1162 2469 1233 2542 ¹uero
1261 2500 1265 2507 ’

126 2580 297 2639 instauratae
315 2589 381 2637 sunt
399 2597 417 2636 a
436 2579 563 2654 Tiberio,
582 2589 656 2639 teste
675 2581 778 2641 Tacito
800 2601 866 2642 anu.
885 2589 914 2654 2,
933 2584 983 2658 41,
1003 2600 1060 2640 non
1078 2578 1167 2656 magis
1187 2579 1234 2635 ab·

127 2689 191 2732 osse
208 2679 356 2750 poterant,
381 2689 466 2748 quam
491 2672 520 2731 in
546 2669 731 2733 recentiorum
755 2673 891 2734 fastorum
915 2675 1095 2754 fragmentis,
1116 2675 1234 2731 Amiter
1266 2650 1272 2727 ἶ

128 2763 206 2840 nino,
225 2765 380 2842 Esquilino,
401 2765 572 2828 Venusino.
594 2769 700 2827 Verum
719 2770 741 2827 si
758 2777 824 2847 post
842 2770 1081 2846 Augusti-obitum
1099 2765 1235 2825 adornata
1270 2754 1274 2767 ²

129 2867 205 2917 osset
223 2858 319 2916 tabula
338 2868 450 2946 nocua,
469 2863 560 2920 multa
577 2862 638 2922 sine
656 2861 741 2937 dubio
761 2863 841 2921 aliter
859 2863 991 2922 liaberet:
1009 2864 1165 2939 Augustum
1184 2858 1237 2917 Di-

128 2970 196 3013 uunr
217 2963 409 3043 nuncuparet,
437 2951 513 3031 quod
538 2971 606 3014 saue
631 2973 695 3014 cum
711 2973 831 3035 semper
858 2959 1038 3016 obseruatum
1065 2972 1127 3015 esse
1152 2953 1236 3017 docet

127 3043 286 3105 Alorcellius
306 3046 473 3125 nescioquo
492 3047 574 3125 loco,
600 3057 678 3107 errat
702 3042 837 3127 arguente
862 3049 1097 3108 marimerabula
1116 3033 1237 3105 Amiter-

129 3137 212 3214 nina,
232 3148 290 3198 tum
308 3139 494 3200 Praenestinis
513 3148 543 3198 et
561 3141 700 3200 Antiatina
726 3161 823 3202 mense
842 3144 983 3220 Augustos
995 3158 999 3167 ·
1010 3141 1127 3218 Augusti
1146 3136 1255 3198 obitus·

128 3241 309 3291 annotaretur
323 3234 393 3294 -XlV
412 3235 460 3293 Kl’
481 3233 575 3313 Sept,
602 3253 687 3315 quam
706 3236 821 3294 indicari
841 3236 938 3295 litteris
957 3234 1096 3294 F.P·nnn'
1115 3241 1160 3293 est
1186 3231 1238 3292 ad·

128 3322 243 3380 modum
258 3326 420 3403 probabiles
447 3329 609 3407 Augustalia
627 3348 685 3389 non
703 3348 759 3388 uno
772 3328 911 3405 ·die,·sed
932 3329 971 3387 uti
989 3328 1127 3386 iudicatur
1145 3326 1175 3384 in
1194 3323 1240 3384 fa·

129 3416 179 3475 stis
197 3418 328 3477 Amitern.
347 3429 379 3479 et
397 3421 514 3497 Antiat,
539 3423 613 3481 ludis
639 3423 708 3500 illis,
735 3442 805 3501 qnos
832 3429 1031 3482 commemorat
1056 3420 1150 3480 Tacit.
1169 3436 1239 3478 ann.

129 3509 232 3585 1,15,
258 3510 370 3571 octiduo
397 3515 625 3592 managemntur.
659 3517 755 3574 =Anno
780 3517 863 3576 etiam
881 3519 939 3576 761
966 3514 1149 3592 antiquiorem
1175 3527 1241 3570 ease

129 3602 268 3675 tabulam,
295 3606 361 3683 quia
379 3606 417 3664 lll
436 3606 484 3688 ΚΡ
503 3609 572 3686 Apr.
593 3610 757 3670 comitialem
784 3609 857 3669 diem
882 3617 988 3684 notat,
1007 3609 1055 3687 qui
1073 3606 1126 3664 NP
1147 3603 1242 3662 notari

128 3695 225 3755 debuit
241 3707 308 3775 post
326 3715 392 3756 eum
410 3717 532 3776 anunm,
559 3713 627 3760 tunc
646 3702 810 3780 apparebit,
838 3722 902 3761 cum
928 3701 1116 3761 coniecturam
1133 3697 1242 3777 proba·

128 3806 216 3864 uero,
245 3810 328 3867 quam
347 3792 488 3870 proferam
508 3795 594 3872 paulo
614 3794 738 3853 inferius.
777 3797 888 3855 interim
908 3796 974 3855 satis
999 3803 1043 3852 est
1060 3795 1146 3872 plane
1164 3791 1242 3850 simi·

128 3879 184 3939 lem
210 3882 322 3941 causam
347 3885 384 3944 de
409 3905 484 3946 anno
503 3890 562 3946 760
588 3887 698 3948 doceri.
739 3889 814 3948 Nam
840 3890 880 3949 lV
898 3889 940 3949 ld.
959 3892 1031 3967 Aug.
1050 3888 1242 3966 fragmentum

128 3964 263 4033 fastorum
280 3977 450 4039 ntiafinum
470 3989 501 4040 et
519 3981 718 4040 Amiterninum
736 3992 766 4042 et
781 3983 1000 4061 Caprauicorum
1019 3990 1119 4039 notant
1137 3978 1191 4037 NP
1212 3987 1243 4038 et
1267 3974 1270 3981 ’

128 4081 240 4125 canmm
258 4072 399 4132 ascribunt
417 4075 542 4134 disertim
561 4092 657 4134 omnes
677 4084 707 4134 et
725 4077 862 4153 eandem,
890 4077 1089 4161 Amiteminum
1108 4074 1153 4132 his
1173 4090 1243 4132 usr-

127 4158 1244 4250 bisrfsrioeqnodoodiaorcedstoriilotristopidaqootoescoots
