2550 4574
443 328 488 375 nn
508 329 649 376 tenreva
667 332 782 377 uocate
1034 331 1162 379 cmm

55 498 119 540 eam
139 471 228 559 (quus
239 496 286 539 res
303 478 356 539 ribi
370 478 488 559 opponit
503 479 586 541 etium
599 483 629 553 t,
643 480 691 558 15,
711 482 760 539 ubi
772 479 810 539 de
823 479 960 553 Procilio)
973 490 1090 559 speotet,
1108 500 1162 560 pe-

56 574 172 631 ouuism
190 570 366 647 demolere3
390 572 429 629 tto
447 571 558 632 demum
584 574 657 634 selae
682 574 858 654 responderit
877 574 983 632 Atticus
1001 592 1160 634 mortem·

58 673 120 725 iuro
138 683 327 725 murmurem
344 663 414 725 nibil
431 658 493 726 esse
510 666 702 745 profuturam,
729 667 777 725 rbi
799 684 897 725 monus
914 674 941 725 et
957 670 1072 742 noemia
1089 669 1159 725 dui

59 760 130 819 iniis
146 759 334 827 autom-sio,
355 758 511 828 Quoniam
530 779 598 817 uero
618 759 711 819 uillam
730 758 887 838 publicam,
911 778 984 837 quae
1002 779 1058 818 non
1077 757 1160 835 longe

59 868 81 913 ι
95 850 326 932 Capitolioiuit,
343 852 431 930 septis
448 849 607 911 adiunctum
625 853 659 911 iri
678 852 794 922 dioitm,
812 869 871 909 non
888 861 931 910 eat
948 852 1066 925 mirum,
1086 851 1109 908 si
1125 851 1159 907 iis

60 944 223 1024 ampliandis
240 942 331 1003 oolrsru
348 943 406 1016 (iro
420 945 504 1018 enirn,
522 945 568 1003 uel
583 963 696 1020 orooro,
710 945 775 1024 quia
791 944 857 1001 boni
871 943 979 1002 codices
997 961 1090 1003 rumori
1108 940 1158 999 ba·

62 1039 127 1115 luent
143 1056 198 1118 pro
215 1037 299 1113 foro,
321 1034 471 1114 legendum
488 1035 614 1110 uidetur)
638 1056 725 1114 usque
748 1036 809 1095 sere
827 1035 869 1095 od
884 1046 1006 1095 montem
1025 1035 1158 1105 Quirina-

63 1131 115 1191 lem
131 1141 163 1191 et
179 1132 286 1189 Atrium
303 1128 452 1189 Libertatis
470 1128 650 1189 coemendum
667 1130 789 1189 Senatus
811 1128 947 1187 decrerit
981 1126 1066 1197 Quod
1086 1146 1156 1205 quo·

66 1240 151 1282 mus
168 1222 217 1281 uel
233 1221 390 1301 perlectum
408 1231 476 1281 tune
500 1232 632 1300 potetur,
658 1241 715 1281 non
738 1220 889 1301 impedient
908 1221 1038 1298 uestigia,
1060 1219 1161 1296 uque

10 1368 15 1375 .
65 1314 319 1394 enmtSeptorum
340 1323 405 1393 post
422 1312 580 1373 incendium
593 1313 660 1372 Tito
678 1316 859 1394 imperatore,
875 1313 937 1375 uid.
947 1314 1031 1374 Dion.
1043 1310 1157 1387 66,24,

66 1408 115 1467 abo
133 1408 196 1467 loeo
214 1409 414 1473 restitutorum.
451 1408 594 1465 Hactenus
619 1405 656 1466 de
682 1426 717 1466 eo
735 1409 812 1467 Atrio
829 1409 995 1481 Libertatis,
1021 1403 1096 1483 quod
1120 1403 1157 1461 ab

66 1499 163 1561 Ouidio
179 1501 258 1559 innui
273 1500 418 1579 probabile
436 1509 489 1560 est.
527 1499 663 1576 Alterum,
682 1500 758 1580 quod
775 1502 813 1559 ob
831 1501 923 1560 Asinio
942 1499 1069 1559 Pollione
1089 1508 1156 1553 oon-

65 1593 147 1653 ditum
167 1592 251 1653 Suet.
278 1593 349 1672 Aug.
369 1598 413 1655 29
434 1591 536 1667 tradit,
565 1591 690 1653 additum
715 1592 840 1653 fortassis
865 1593 928 1652 aedi
952 1591 1100 1652 Libertatis
1125 1589 1156 1649 iu

64 1686 199 1747 nuenton
222 1686 259 1743 ab
278 1694 403 1764 Augusto
426 1686 585 1759 restitutae,
614 1703 649 1744 eo
675 1687 787 1747 nomine
809 1683 1077 1745 oommemnrandum
1102 1689 1155 1757 eet,

65 1779 135 1858 quod
152 1780 212 1839 eius
229 1788 357 1856 meotu
376 1776 493 1836 Ouidius
513 1781 600 1856 eoepit
619 1797 692 1837 uers.
706 1780 764 1836 624
782 1778 882 1838 dixisse
900 1777 1020 1836 uidetur.
1052 1775 1157 1835 Porum

64 1870 175 1931 diluoide
193 1869 230 1929 de
249 1887 285 1929 eo
302 1870 448 1929 annotauit
465 1871 664 1931 Tuorbectius,
681 1870 717 1929 de
735 1872 809 1930 Asin.
829 1871 904 1931 Pon.
922 1891 952 1949 p.
963 1872 1101 1929 att-41.

131 1962 240 2024 dedit
258 1962 383 2021 Bonae
409 1962 500 2022 dete
526 1963 662 2025 dedicatio
681 1963 729 2021 Kl'
747 1964 816 2022 Mai.
835 1974 864 2023 et
882 1971 1009 2023 auotores
1027 1960 1155 2019 iudiean-
1245 1964 1256 1982 “

64 2069 104 2118 tm
118 2058 156 2117 ab
173 2056 286 2118 Ouidio.
333 2056 574 2115 Commemoratur
600 2059 684 2116 etiam
708 2056 736 2114 in
760 2055 851 2115 Clodii
876 2057 998 2115 iocinore
1022 2073 1040 2111 a
1065 2052 1153 2111 sobol.

64 2151 178 2211 luneml.
196 2153 227 2225 6,
245 2151 303 2207 eat
321 2158 351 2207 et
368 2149 441 2207 Liuii
460 2150 525 2226 epit.
546 2150 595 2207 lib.
616 2153 682 2209 103.
720 2149 765 2208 De
782 2148 864 2208 Liuia
882 2146 1030 2206 admodum
1048 2146 1154 2205 incerte

64 2262 101 2305 rer
116 2255 173 2303 este
192 2242 286 2320 neque
303 2243 377 2301 enim
394 2241 462 2300 illud
481 2234 647 2316 τεμένισμα
665 2259 726 2300 esse
744 2249 825 2319 puto,
844 2239 921 2319 quod
940 2238 1015 2316 opud
1033 2230 1154 2309 Dionem

65 2337 107 2413 ib,
120 2341 141 2395 8
156 2337 270 2396 Liuium
289 2335 457 2414 appellatur.
494 2334 595 2412 Neque
617 2335 646 2391 in
670 2344 851 2392 monumento
867 2337 1018 2413 Aneprano.
1037 2331 1074 2389 de
1093 2331 1152 2390 eius

66 2430 228 2490 restitutione
248 2429 312 2486 uiuo
329 2428 455 2505 Augusto
474 2428 593 2487 tradim
603 2466 616 2497 „
630 2443 721 2503 neque
738 2435 803 2503 post
822 2428 880 2484 eius
898 2433 1015 2482 mortem
1035 2425 1058 2482 si
1076 2423 1154 2485 saeta

66 2521 165 2598 tonsu,
179 2520 217 2580 de
236 2537 273 2579 ee
287 2539 319 2580 re
331 2519 461 2579 Ouidium
481 2520 601 2579 scribere
618 2520 741 2596 potuisse
760 2519 894 2577 existimo.
933 2517 978 2575 De
996 2519 1058 2576 loeo
1077 2517 1152 2575 utili·

68 2625 104 2675 ter
117 2614 269 2694 duputauit
284 2614 400 2673 Bunsen
419 2613 508 2674 desen
526 2615 594 2674 Vrb.
615 2616 692 2689 3,1,
712 2631 740 2690 p.
751 2612 927 2671 tot-409.
965 2610 1041 2671 Nilril
1059 2611 1152 2671 liabeo

67 2709 129 2787 quod
147 2708 262 2768 addam.

10 2836 12 2842 ·
129 2802 257 2862 Mortis
274 2800 416 2860 Vltoris
435 2800 605 2878 templum
625 2797 780 2858 dedicatum
798 2798 849 2856 llll
867 2796 913 2856 td.
928 2796 1154 2855 lllairtestantur

66 2894 173 2956 Ouidius
190 2905 220 2956 et
237 2894 301 2953 iusti
319 2893 472 2953 Maffeanir.
498 2911 587 2951 annus
614 2901 674 2950 erat
693 2894 730 2950 ab
747 2891 784 2951 V.
805 2893 840 2950 C.
859 2894 930 2967 752„
947 2891 987 2948 uti
1004 2908 1088 2968 supra
1107 2889 1149 2946 di·

10 2994 14 3024 ²
64 2999 128 3047 oum
142 2998 196 3064 est,
214 3008 244 3066 p.
255 3006 304 3048 rr.
335 2988 437 3047 Votum
456 2986 549 3045 luerat
566 2986 639 3045 bello
652 2985 821 3063 Philippensi
841 2994 911 3044 teste
926 2983 1149 3058 Suet.Aug,29.

62 3080 198 3139 dedificuri
216 3099 273 3139 non
292 3090 335 3140 est
353 3090 482 3158 coeptum
501 3087 566 3137 ante
584 3098 686 3138 annum
704 3081 777 3152 734,
797 3074 1035 3136 narranteDione
1053 3075 1103 3148 54,
1116 3075 1147 3148 8,

61 3170 156 3231 masna
180 3173 239 3231 eius
265 3171 349 3233 fidem
375 3176 503 3232 eleuante
520 3170 637 3229 Saebsio
659 3178 691 3247 2,
710 3172 798 3248 pet.
843 3171 915 3227 Eum
934 3167 1031 3224 Dionis
1055 3165 1148 3223 locum

59 3266 157 3343 primus
176 3266 333 3325 emendauit
346 3267 490 3325 Massonus
508 3265 536 3322 in
556 3265 612 3322 uita
631 3263 725 3323 Ouidii
743 3282 776 3339 p.
787 3265 856 3336 109,
873 3278 956 3339 quam
975 3258 1148 3317 emendatio·

58 3376 118 3417 nem
139 3377 203 3417 eum
228 3360 354 3439 plerique
380 3359 455 3417 docti
477 3358 601 3416 homines
623 3355 820 3437 probauerint,
850 3353 909 3410 uid.
933 3362 1029 3413 annot.
1051 3353 1148 3411 Sturz.

59 3457 114 3522 tt,
130 3471 160 3531 p.
171 3453 228 3510 104
238 3471 292 3531 sq,
310 3452 475 3531 improbauit
493 3451 618 3511 Bunsen.
637 3450 727 3509 deser.
746 3448 813 3505 Vrb.
833 3451 907 3521 3,1‚
926 3448 1016 3523 puio.
1054 3446 1146 3503 Locus

57 3554 84 3604 et
101 3546 162 3623 ipsa
177 3545 269 3603 torma
287 3545 382 3623 templi
400 3545 546 3622 perspicue
558 3543 709 3604 secundum
727 3540 877 3614 luculenta,
897 3557 968 3616 quae
986 3546 1145 3616 supersunt,

57 3640 169 3717 uestigia
192 3637 323 3697 definitur
344 3655 362 3696 a
382 3637 489 3696 Canina
507 3657 538 3715 p.
549 3641 604 3695 107
618 3654 689 3714 seq,
713 3635 835 3692 Bunsen.
857 3649 923 3689 ann.
943 3633 971 3700 9,
991 3633 1069 3707 p.20
1085 3647 1145 3705 seq.

56 3731 207 3811 Descriptio
226 3740 320 3790 tamen
339 3728 477 3791 Ouidiaua
496 3735 527 3805 3,
541 3729 708 3788 oue-569
730 3729 882 3803 interprete
907 3723 952 3780 hic
976 3723 1031 3779 illio
1055 3720 1147 3778 adhue

56 3823 165 3902 indiget.
196 3827 338 3901 θὶραηίθα
352 3831 470 3902 tropaeo
488 3822 627 3881 uero-'rib
639 3822 757 3880 sortasse
776 3816 922 3877 referenda
940 3826 1006 3872 sunt
1024 3814 1061 3872 ad
1077 3817 1146 3873 ima·

56 3917 143 3993 glemu
160 3918 188 3975 in
207 3914 308 3997 fastigii
326 3917 419 3976 fronte
437 3917 614 3993 insculptam.
653 3914 773 3973 Proximi
800 3911 900 3981 uersus}
918 3906 1064 3967 commode
1081 3908 1144 3965 illu-

56 4018 174 4069 martur
190 4011 320 4070 Suetonii
334 4010 429 4071 uerbis.
441 4011 495 4068 loe.
511 4006 582 4066 indu
613 4008 733 4075 Suetrii,
754 4010 786 4061 ut
803 4001 836 4059 ‹lo
854 4000 929 4058 bellio
948 4001 1146 4077 triumphisque

55 4101 96 4163 lio
108 4104 293 4165 mutuum
303 4110 427 4175 mutua,
445 4106 543 4180 quique
554 4103 670 4159 uictores
680 4095 824 4169 redissent,
842 4092 1027 4167 tortostpoto
1045 4092 1147 4147 trium-

54 4195 167 4275 pioruoi
184 4196 331 4272 interruit.
370 4197 428 4267 Qui
445 4197 483 4256 dii
507 4212 617 4256 rurooou
634 4197 752 4253 tenerier
769 4206 798 4246 u.
812 4187 870 4245 560
894 4181 1063 4260 intelligendi
1080 4180 1146 4254 sint,
