2550 4574
458 267 500 327 28
521 278 565 328 an
588 262 629 327 49
649 276 754 335 ssovn
1028 275 1163 330 *coxam

135 434 185 508 58,
200 431 250 495 59.
279 434 331 509 28,
345 433 395 492 29.
426 430 598 492 Patauini
616 431 686 507 duo,
703 431 804 511 quibus
822 424 930 488 accedit
946 428 1057 506 tertiur‚·
1069 447 1160 508 xquern
1251 404 1255 415 Ι

47 532 98 609 Ἰ49
115 529 181 590 feci.
210 529 319 586 Horum
337 544 412 585 ustos
425 529 545 603 optimos
558 533 651 596 notos,
669 543 706 585 ec
718 526 839 603 optimis,
857 540 896 582 sa
912 521 1070 582 meumes
1088 542 1160 583 nnn-

46 611 180 702 ¹cupatur
197 621 312 698 3234,
325 620 399 695 6453
413 623 485 678 700:
507 621 577 704 alius
596 623 723 680 Hectoris
737 618 886 679 chism
903 616 990 674 fuisse
1006 615 1109 674 dicitur
1128 621 1159 692 t,

55 720 127 797 336.
164 715 208 795 ln·
222 715 350 790 catalogo
375 715 443 772 bibi.
462 713 526 774 Pat.
547 713 693 773 Tomasini
714 715 790 770 1639
809 710 907 771 Ouidii
923 711 1060 771 ‘fastorum
1078 707 1159 767 codi-
1244 780 1246 785 ι

56 829 107 870 ces
125 819 306 869 recensentur
325 806 509 871 bibliothecae
532 808 637 867 orsiinis
656 806 881 866 Eremitanorum
900 823 931 885 p.
946 807 985 863 76
1000 821 1033 877 a,
1058 801 1158 860 biblio·

57 903 159 964 thecae
177 901 221 960 St.
241 901 351 959 loannis
370 901 400 957 in
419 900 551 959 uiridario
570 921 600 979 p.
611 904 651 958 40
666 902 695 960 b.
732 901 758 958 A
776 899 948 979 Spanhemio
967 896 1064 956 ouidii
1081 894 1159 954 codi-

56 1016 107 1057 ces
125 1005 235 1055 notatos
261 993 343 1052 uideo
369 992 436 1052 bibl.
456 992 609 1053 Patauinae
635 994 819 1063 cathedralis,
845 991 915 1051 bibl.
935 991 979 1051 St.
999 988 1159 1063 Antoniiet
1225 1046 1227 1051 .

57 1093 89 1149 in
108 1107 206 1148 museo
224 1086 370 1165 laurentii
389 1085 521 1164 Pignorii.
555 1088 630 1147 Idem
649 1087 760 1146 Nicoiai
779 1087 928 1146 Treuisani
946 1100 1070 1143 museum
1090 1101 1159 1139 con-

56 1180 299 1260 signauerat,‘sed
318 1180 461 1238 Mantuae.
604 1169 608 1175 ’
820 1248 824 1257 ,

138 1277 273 1333 60-71.
313 1275 397 1332 Herc.
415 1273 551 1332 Ciosanus'
569 1274 711 1334 codicibus
725 1291 756 1333 se
776 1293 854 1332 usum
874 1273 986 1352 praeter
1004 1273 1098 1330 8et9
1116 1279 1159 1330 te·
1199 1318 1202 1327 .
1224 1344 1230 1355 ,

12 1433 17 1439 ,
57 1382 150 1432 statur
169 1389 226 1428 uno
245 1387 280 1428 ex
300 1368 369 1427 bibl.
387 1367 616 1441 matroneum,
636 1373 690 1445 3ος
714 1387 772 1426 uno
790 1367 884 1425 fratris
903 1367 1056 1424 Antonii
1074 1365 1158 1421 Cio-

56 1467 156 1541 fani,
176 1469 238 1538 313¹
260 1459 406 1521 Vaticanis
423 1472 506 1537 octo,
525 1483 643 1540 quorum
662 1463 799 1541 optimus,
817 1466 857 1518 32
875 1464 924 1517 An
932 1459 1005 1536 geli
1024 1457 1162 1518 eototti

56 1560 146 1618 fuisse
164 1558 267 1618 dicitur
285 1554 321 1612 ad
341 1559 369 1626 4,
389 1558 462 1614 467:
489 1556 534 1615 hic
554 1557 663 1616 uidetur
680 1557 760 1615 innui
778 1574 796 1614 a
815 1554 935 1614 Ciofano
954 1555 1056 1624 2,199
1074 1553 1163 1621 εῑέΙ),
1257 1576 1260 1585 ’

55 1653 175 1712 Heinsio
194 1652 311 1726 2,749,
338 1651 519 1728 quamobrem
546 1652 692 1729 utrobique
717 1670 769 1729 pro
788 1654 825 1708 33
846 1650 946 1707 uellem
964 1648 1091 1725 posuisse
1108 1652 1157 1706 39.

55 1747 182 1806 Dubium
201 1745 276 1803 enim
295 1762 351 1802 non
375 1754 435 1819 est,
460 1745 527 1823 quin
550 1755 580 1802 et
597 1743 672 1803 hunc
689 1756 719 1803 et
737 1744 858 1822 reliquos
877 1742 989 1802 Ciofani
1008 1743 1160 1801 Vaticanus

56 1842 195 1914 33-39,
214 1857 332 1917 quorum
355 1837 411 1896 duo
431 1837 560 1897 desinunt
579 1838 608 1901 in'
626 1839 727 1897 librum
746 1840 881 1917 quintum,
901 1836 993 1895 denuo
1011 1835 1159 1896 contulerit

55 1934 202 2006 Heinsius,
223 1933 280 1991 uid.
295 1953 362 2013 epp.
376 1933 413 1992 ad
425 1935 515 2001 Gron.
530 1951 560 2013 p.
571 1936 636 2005 300.
671 1934 715 1993 De
734 1933 841 1992 numeri
860 1936 898 1988 33
918 1949 968 1989 usu
994 1949 1079 2008 quem
1102 1929 1158 1988 feci

48 2027 126 2086 »uide
142 2045 228 2105 snpra
246 2027 283 2085 ad
301 2030 349 2087 39.
369 2031 398 2087 8.
427 2029 576 2086 Caeterum
595 2028 704 2104 quoties
721 2045 794 2086 anus
811 2028 975 2095 Vettonum,
993 2041 1067 2081 unus
1083 2025 1157 2081 Fost-

57 2125 192 2181 rtesicttus
215 2131 243 2180 et
267 2122 365 2180 similia
388 2122 464 2199 apud
485 2122 625 2179 Heiusium
649 2123 695 2179 uel
715 2121 863 2180 Ciofanum
888 2120 1034 2196 leguntur,
1061 2118 1158 2194 scripsi

58 2219 225 2294 pierumque
244 2233 388 2273 numerum
403 2217 440 2273 ab
458 2217 563 2294 optimo
583 2216 644 2273 eius
662 2217 778 2273 nominis
797 2213 893 2272 codice
911 2212 1082 2294 ppoxirnum's
1101 2229 1158 2269 non

57 2311 144 2384 igitur
167 2327 240 2385 quae
259 2310 356 2367 eodem
377 2310 566 2368 huiuscemodi
587 2326 703 2367 numero
722 2309 905 2387 insigniuntur
920 2307 950 2365 'in
969 2305 1067 2365 eodem
1086 2305 1158 2363 libi-o

57 2403 182 2465 extitisse
200 2403 320 2480 putabis.

139 2496 274 2555 72-76.
315 2497 454 2554 stt-ts.
484 2497 559 2555 Inter
578 2478 694 2555 schedas
714 2498 820 2555 Heinsii
845 2486 993 2555 fasciculus
1011 2505 1054 2556 est
1073 2496 1157 2554 colla·

58 2590 167 2647 ticam
186 2608 281 2665 manu,
302 2599 332 2648 ut
351 2600 432 2668 puto,
451 2591 563 2650 isaaci
582 2592 709 2652 Vossii.
748 2591 889 2650 Notantur
906 2585 1061 2670 scripturae
1079 2590 1157 2648 addi-

58 2686 95 2743 tis
115 2685 189 2761 siglis
211 2687 283 2759 VN,
305 2686 373 2759 ΡΑ,
396 2687 458 2742 172.
498 2687 558 2743 Has
584 2704 649 2745 num
675 2696 751 2745 recte
769 2688 925 2764 putauerim
944 2686 1061 2743 duorum
1080 2683 1180 2743 cadi-²

58 2796 124 2835 cum
144 2788 192 2835 aut
210 2777 423 2856 discrepantium
437 2789 485 2836 aut
500 2779 714 2857 conspirantium
729 2780 952 2858 reddiderimque
969 2781 1086 2857 primam
1107 2797 1157 2836 no-

59 2883 120 2929 tam
139 2873 196 2946 40,
222 2871 372 2928 secundam
391 2875 443 2942 41,
469 2862 578 2931 tertiam
598 2877 697 2949 4041,
723 2871 815 2931 adhuc
835 2876 938 2932 nescio.
977 2872 1036 2932 sen
1055 2890 1089 2928 ea
1108 2890 1157 2928 ex·

59 2975 158 3042 cerpta
177 2968 401 3042 transscripserat
418 2967 544 3024 Heinsius
557 2979 586 3025 et
599 2968 762 3026 adiunxerat
780 2968 929 3044 scripturas
948 2965 1082 3043 quasdam
1101 2965 1156 3038 syl-

60 3062 127 3118 laba
146 3063 206 3118 Nes
225 3070 351 3120 notatas:
377 3061 426 3124 has
446 3061 573 3136 insigniui
593 3080 710 3120 numero
730 3064 777 3120 42.
816 3061 861 3120 De
880 3078 995 3123 numero
1014 3062 1052 3116 43
1072 3074 1156 3136 supra

61 3155 98 3212 ad
119 3161 134 3212 l
155 3155 256 3212 dictum
278 3164 328 3213 est.

138 3252 186 3307 76.
226 3252 274 3307 44.
309 3249 401 3307 codes
427 3249 580 3308 Christiani
597 3247 763 3325 Rtsmpfii
789 3245 1026 3316 membranaceos,
1051 3249 1080 3305 ist
1103 3265 1156 3323 qtto

61 3345 121 3419 ipsa
139 3342 246 3418 ‹psidem
264 3349 358 3401 teuttts
375 3361 431 3401 stoa
450 3343 646 3414 continebatur,
666 3342 714 3402 scd
730 3341 809 3400 modu
827 3347 935 3420 emmo
949 3343 1157 3415 cornmcntoriu,

41 3446 134 3498 ‚teste
155 3437 274 3494 Heinsio.
315 3437 374 3496 Cir.
396 3457 462 3514 epp.
483 3437 519 3495 ad
538 3437 618 3495 Voss.
638 3456 667 3514 p.
679 3437 765 3510 959.Ι
1039 3422 1044 3432 ⁸

140 3532 189 3585 77.
228 3530 277 3585 45.
308 3529 338 3586 in
357 3532 525 3607 marginibus
545 3531 694 3589 editionum
709 3529 912 3588 Ber'smanni
932 3548 1004 3608 quae
1021 3538 1156 3588 annotan-

62 3630 110 3677 tur
129 3619 182 3677 hoc
204 3640 318 3680 numero
337 3622 467 3698 indicaui,
487 3643 538 3684 nec
557 3636 662 3699 tamen,
678 3624 701 3681 si
716 3624 842 3698 memini,
859 3626 961 3682 omnia.

140 3716 188 3772 78.
226 3715 275 3772 46.
305 3735 375 3773 unus
393 3716 623 3778 Basileensis
641 3718 744 3794 semel,
768 3727 903 3797 quantum
923 3719 1107 3802 meminerim,
1126 3721 1156 3792 3,

61 3809 121 3865 688
140 3821 382 3868 commemoratur.

140 3905 187 3959 79.
226 3905 274 3960 47.
304 3903 445 3980 Excerpta
463 3904 636 3980 Scaligeri
654 3922 741 3982 saepe
758 3913 894 3983 usurpata
912 3914 976 3963 sunt
994 3906 1030 3964 ab
1044 3905 1157 3964 Heinsio

62 4003 193 4072 utroque.
234 3997 344 4053 Memini
364 4015 408 4054 me
428 3997 526 4054 librum
547 3996 657 4073 uidere,
681 3999 710 4055 iu
730 4018 785 4076 quo
804 3999 929 4059 codicum
947 4001 1099 4078 scripturae
1118 4017 1155 4056 an

62 4090 239 4148 coniecturae
258 4101 409 4148 annotatae
425 4091 491 4165 sint,
511 4109 565 4148 nou
586 4101 702 4150 constat.
834 4092 837 4097 ’

179 4185 227 4241 48.
249 4185 296 4243 49.
326 4182 397 4243 Vide
415 4196 501 4262 supra
520 4185 557 4244 ad
577 4189 614 4254 10
633 4196 661 4244 et
679 4189 728 4247 28.
