2550 4574
146 255 225 303 curt
611 256 655 301 DE
676 253 779 303 realta

147 405 297 473 affirmauit
313 404 409 464 Labeo
427 404 503 484 apud
516 406 630 465 Festum
643 426 673 485 p.
682 407 751 483 aba,
765 407 803 464 14
812 407 865 465 ain.
905 407 1002 477 Quare
1018 407 1111 465 mirari
1128 407 1238 482 mbcat,

146 500 223 580 quod
240 501 332 559 Varro
348 501 380 573 6,
396 503 433 557 12
459 500 616 569 Quirinalia
639 500 708 559 dixit
730 499 814 559 serina
839 518 947 571 ωιιιιιιι,
971 504 1019 577 quai
1037 499 1239 559 Furnacalibus

146 596 227 653 reio
243 609 300 652 aaa
316 590 420 651 fuerint
436 591 542 667 feriati.
581 594 669 664 Quaci
686 612 742 653 noa
761 594 881 651 omnium
900 593 996 653 eadem
1014 594 1117 653 suerint
1131 594 1238 671 Forpa·

147 685 234 760 colia,
260 693 357 743 contra
381 696 466 765 atque
483 685 602 747 Ouidina
620 685 715 745 ub²8
733 685 827 746 tradit.
864 686 948 747 Dicta
966 696 1010 746 ert
1026 705 1111 769 cupra
1130 706 1160 765 p.
1173 705 1237 746 oxr

145 777 305 863 muiecmra
329 776 365 849 de
384 778 578 839 Fornacalium
602 780 770 841 caerimonia
788 779 936 860 Quando
954 798 973 839 a
989 779 1052 839 ioro
1070 782 1099 839 in
1116 781 1238 859 cingulos

145 870 222 929 ulcoe
239 871 336 931 relata

151 996 155 1005 ·
220 962 266 1021 De
282 962 472 1026 Parentalibua
489 984 574 1046 cupra
592 985 622 1046 p.
632 985 678 1026 ιι.
697 967 821 1047 exposui.
851 965 989 1046 Fugiebat
1006 984 1053 1025 me
1070 974 1147 1044 tnnc,
1162 968 1238 1051 quod

145 1055 256 1114 maximi
273 1065 317 1115 eat
335 1057 371 1116 ad
390 1060 576 1119 coniecturam
593 1079 685 1120 meam
703 1061 844 1137 momenti,
864 1062 901 1120 in·
911 1059 990 1118 laeda
1007 1060 1112 1119 rustici·
1131 1062 1238 1120 Farne-

146 1150 229 1208 ciania
247 1167 342 1210 menae
360 1151 513 1213 Februario
536 1163 601 1233 pont
618 1154 783 1233 Lupercalia
801 1153 884 1213 indici
902 1153 1069 1213 Parentalia.
1106 1152 1238 1212 Nondum

145 1250 239 1301 mmen
257 1244 323 1303 natm
341 1246 424 1319 nuni,
441 1246 471 1305 in
489 1256 559 1324 quot
576 1245 651 1322 dien,
670 1257 700 1306 et
716 1267 782 1305 num
801 1248 829 1305 in
848 1257 957 1322 cenna,
977 1265 1013 1306 an
1031 1248 1151 1305 incertoa
1168 1265 1239 1304 con-

145 1336 200 1415 cipi
218 1337 421 1397 consueuerint.
458 1339 557 1398 Feriar
575 1340 688 1399 annalca
711 1340 807 1399 incerti
826 1341 968 1417 temporie,
988 1358 1062 1419 quae
1080 1339 1239 1401 inciderunt

145 1429 174 1487 ia
193 1430 300 1508 ptiorec
317 1449 366 1489 aex
389 1418 512 1508 menae,
532 1433 615 1511 plane
638 1434 801 1512 praeteritae
826 1434 863 1492 ab
882 1432 985 1492 Ouidio
1004 1433 1093 1491 nubae
1111 1434 1238 1493 exirfimo

144 1533 259 1603 praeter
275 1523 405 1599 henoc,
430 1525 467 1585 de
484 1527 585 1604 quibua
603 1525 651 1587 adi
670 1526 825 1586 Varronem
844 1529 873 1597 6,
888 1526 937 1598 26,
953 1526 1134 1585 Niebabrium
1152 1527 1183 1585 b.
1199 1527 1237 1586 R.

144 1622 177 1693 2,
195 1636 225 1697 p.
235 1621 273 1676 38
284 1637 359 1697 cqq.,
383 1619 562 1679 Vanareuium
588 1618 729 1678 animadu.
747 1638 777 1699 p.
788 1621 846 1679 245
863 1639 918 1698 aq.,
942 1638 971 1698 p.
986 1621 1045 1676 294
1057 1638 1118 1698 cqq.
1163 1619 1238 1677 Nam

145 1711 311 1789 Compitalia
330 1730 433 1789 uerna,
460 1712 516 1773 uid.
536 1712 617 1781 Suet.
637 1712 703 1772 Oct.
724 1719 780 1789 31,
803 1713 980 1792 conceptinar
998 1711 1097 1784 senaa,
1124 1713 1237 1771 tectibus

143 1802 288 1864 anrobio
306 1809 335 1875 1,
353 1804 447 1881 brim,
466 1805 543 1867 Gall.
563 1809 612 1880 10,
623 1807 664 1863 24
682 1816 712 1865 et
729 1806 818 1866 Paulo
836 1808 914 1866 Diae.
933 1824 963 1885 p.
974 1807 1024 1880 62,
1044 1804 1092 1880 16,
1110 1823 1147 1864 ne
1165 1805 1236 1863 Var-

102 1954 105 1959 .
144 1897 221 1957 conia
233 1897 294 1974 quir
307 1898 387 1958 nimir
400 1906 538 1959 uerutum
554 1900 738 1958 tertimonium
750 1900 834 1976 dicat,
849 1908 1016 1957 tractaturus
1028 1896 1111 1957 suase
1126 1899 1237 1976 copiose

145 1989 256 2049 uidetur
265 1987 392 2051 Ouidiua.
417 1993 529 2052 Etenim
545 1993 575 2052 in
593 1991 665 2052 libro
684 1993 818 2069 necundo,
837 1992 884 2051 ubi
902 1992 991 2050 multa
1009 2009 1027 2049 a
1045 1998 1128 2069 poeta
1146 1987 1237 2048 hiulca

143 2090 175 2143 et
191 2082 342 2159 incongrua
359 2095 426 2144 aunt
443 2086 554 2162 relicta,
572 2103 645 2164 quae
662 2104 681 2145 a
699 2106 728 2146 n.
740 2086 796 2144 671
816 2083 853 2144 ιι6
871 2087 929 2143 617
947 2082 984 2143 cle
1003 2083 1171 2143 deaTacita
1190 2082 1237 2140 uel

142 2174 224 2235 Muta
236 2175 340 2236 Larum
358 2187 448 2239 matre
466 2179 605 2258 leguntur,
623 2199 680 2239 non
694 2179 731 2239 ad
744 2178 865 2255 Feralia,
883 2176 933 2236 aad
950 2175 985 2234 ad
1000 2176 1162 2255 Compitalia
1175 2176 1236 2234 niue

142 2266 269 2347 Lemnia,
287 2270 364 2349 Fert.
378 2273 483 2351 paca,
495 2277 532 2334 16
540 2275 604 2350 cia,
622 2272 791 2354 epactauiate
802 2280 883 2349 puto,
902 2268 966 2329 uide
981 2269 1017 2328 de
1030 2269 1127 2329 eadem
1139 2268 1168 2326 in
1181 2268 1236 2326 illia

125 2371 128 2375 '
143 2363 310 2422 caerimonia
322 2364 492 2427 Macrobium
508 2375 537 2444 1,
548 2373 577 2445 7,
593 2388 623 2446 p.
632 2371 691 2425 220
699 2384 755 2444 eq„
774 2364 810 2422 de
824 2364 936 2442 reliquia
951 2382 1029 2434 uero,
1047 2380 1120 2441 quae
1133 2360 1237 2421 Ouidio

143 2458 401 2520 commemorandae
419 2463 570 2533 recubant,
587 2463 702 2520 Festum
722 2479 752 2538 p.
765 2458 834 2534 257,
853 2462 870 2515 1
885 2458 950 2531 aiu,
969 2456 1086 2514 Paulum
1105 2474 1135 2533 p.
1145 2455 1195 2529 69,
1206 2456 1236 2524 6,

143 2565 175 2627 p.
186 2554 253 2624 121,
264 2553 315 2610 17ι
333 2551 456 2629 Dionysii
476 2555 540 2612 Hal.
555 2557 586 2631 4,
599 2557 636 2612 14
654 2554 782 2612 mirificus
800 2561 843 2610 eet
863 2569 941 2609 error
960 2551 997 2609 de
1015 2550 1056 2608 his
1074 2549 1159 2609 fena.

219 2643 320 2703 Feriae
343 2647 457 2706 annales
481 2649 631 2726 populares
655 2648 684 2705 in
707 2655 814 2705 certum
839 2644 911 2703 diem
929 2643 1038 2721 concipi
1059 2643 1156 2701 colitae
1172 2638 1237 2706 fue·

144 2744 210 2794 runt
228 2736 363 2813 Carbia,
388 2744 420 2814 2,
434 2742 509 2816 616,
535 2751 667 2819 quantum
693 2739 827 2816 intelligo.
865 2737 939 2795 Nam
957 2737 980 2794 ai
997 2745 1087 2794 etatae
1109 2735 1238 2807 fuissent,

144 2828 248 2906 credo,
272 2840 436 2890 notarentur
460 2834 488 2893 in
513 2833 592 2893 laona
616 2831 771 2892 Maffeanic.
814 2832 961 2889 Factorum
979 2829 1237 2899 Lambeciauor'um‚

142 2922 191 2980 ubi
209 2921 307 2981 eodem
326 2922 372 2982 die
386 2944 442 3002 qao
456 2926 531 3004 apud
547 2926 801 3000 Ouidium'extant,
821 2943 877 2983 nou
896 2940 996 3000 magua
1016 2929 1058 2980 eat
1076 2919 1236 2979 auctoritas.

139 3011 291 3076 Praeterea
309 3035 445 3096 nusquam
464 3029 712 3079 commemorantur
729 3019 781 3077 uini
798 3016 873 3095 apud
890 3016 982 3083 Yaler.
997 3017 1072 3074 Max.
1087 3019 1118 3091 2,
1133 3019 1162 3087 1,
1174 3017 1194 3071 8
1207 3020 1238 3069 et

141 3108 170 3167 in
185 3108 263 3169 factir
276 3111 384 3170 ruaficia
394 3112 521 3188 Farnea,
539 3131 614 3192 quae
632 3112 668 3171 ab
687 3111 746 3170 aliia
764 3111 913 3170 obseruata
929 3117 1003 3168 aunt.
1030 3109 1063 3167 In
1082 3107 1124 3165 hin
1142 3113 1238 3164 autem

140 3199 221 3260 tutu
239 3205 325 3262 uerba
340 3205 439 3264 calta
454 3206 626 3267 COGNAT.
642 3215 718 3264 recte
735 3222 767 3263 re
785 3203 888 3262 habere
903 3201 1073 3262 demonstrat
1085 3199 1239 3259 Tertullia·

141 3311 195 3352 una
219 3292 256 3352 cle
274 3296 412 3357 idololatr.
432 3317 461 3377 p.
472 3302 528 3358 621
555 3299 680 3359 editionia
706 3317 789 3376 quam
812 3315 898 3374 cupra
921 3294 1056 3369 indicaui,
1082 3292 1130 3370 qui
1155 3307 1239 3351 occur

141 3390 314 3463 qucboaic
335 3388 488 3451 lomacio
512 3401 663 3471 nuncupat.
708 3392 807 3450 Feriae
831 3388 953 3448 eiuadcm
975 3407 1038 3446 cum
1063 3385 1105 3444 hia
1119 3382 1237 3462 ‚generis

139 3497 233 3558 nequa
259 3490 352 3538 tamen
377 3484 496 3543 uniuersi
521 3487 619 3564 populi
644 3504 699 3544 non
724 3483 843 3542 fortanae
867 3500 963 3540 omnen
981 3499 999 3539 a
1017 3478 1122 3538 statiuis
1139 3474 1236 3554 populi

139 3573 260 3652 partium
281 3573 442 3651 dignoscere
460 3577 551 3636 ualeo.
581 3579 673 3637 Vnum
693 3587 786 3637 tamen
804 3585 883 3637 extra
901 3574 1098 3632 dubitationem
1117 3569 1237 3651 positum

137 3667 264 3727 existimo
284 3667 452 3745 exemplum,
469 3668 553 3729 feriar
566 3671 725 3754 stultorum,
743 3686 816 3748 quae
831 3668 932 3729 diuerai
949 3667 995 3725 uix
1013 3683 1074 3725 aare
1085 3669 1238 3742 potuerunt

138 3761 247 3836 generia
266 3777 284 3818 a
301 3759 500 3820 Furnacalibus
520 3782 575 3821 aon
594 3765 750 3822 stultorum.

216 3852 335 3913 Restant
359 3854 442 3931 igitur
467 3856 584 3914 statinae
609 3858 751 3933 utriunque
770 3862 863 3914 uotae
901 3853 1006 3911 Earum
1025 3868 1098 3928 quae
1115 3845 1237 3905 uniuersi

139 3945 238 4022 populi
255 3945 375 4005 Rotnani
397 3946 602 4021 nominarunt,
628 3949 657 4006 in
675 3949 753 4007 santia
768 3936 913 4007 Malleania
937 3954 1069 4004 notantur
1095 3941 1173 4014 illae,
1200 3937 1237 3996 de

140 4038 241 4116 quibua
259 4057 345 4117 cupra
363 4057 392 4117 p.
410 4056 495 4100 xarx
512 4039 579 4099 diui.
617 4041 662 4099 De
680 4041 848 4118 Agonalibua
871 4040 909 4098 lll
929 4038 970 4099 ld.
989 4038 1060 4096 Deo.
1080 4053 1166 4112 cupra
1190 4048 1236 4091 me

138 4130 290 4211 aliquando
312 4133 340 4192 in
359 4133 482 4194 errorem
500 4133 656 4194 inluxerunt
675 4133 824 4212 Foggiuiua
844 4151 873 4210 p.
892 4135 931 4193 74
944 4149 987 4209 aq.
1007 4139 1036 4189 et
1054 4129 1102 4206 qui
1120 4127 1235 4185 Festum
