2550 4574
432 292 484 345 RB·
497 290 637 341 sentem
658 284 769 341 tacite
1073 286 1150 337 exiri

127 446 360 511 Concordiae
376 444 475 507 nedem
490 444 590 506 eodem
604 442 650 503 die
663 443 701 502 ab
714 440 817 503 Ouidio
828 448 1068 503 commemoratam
1084 446 1152 502 snte

52 543 192 624 porticum
203 540 313 618 diuiso,
330 543 360 601 in
378 558 435 618 qna
451 539 517 616 init,
535 547 688 600 atrocum
708 554 765 596 non
784 552 847 597 csse
863 537 973 612 scimus,
991 553 1049 595 nec
1060 536 1150 595 mrito

55 644 122 716 post
141 636 220 695 ilium
236 635 342 694 iactam
359 650 431 709 esse,
450 642 482 693 ut
499 640 586 711 puto,
603 630 743 691 conuenit.
781 628 908 688 Porticus
925 626 1064 687 aedificari
1081 642 1151 687 cne-

56 731 98 809 pit
114 747 188 788 nuno
200 729 238 789 V.
251 728 285 788 C.
298 730 368 802 730,
387 734 459 786 teste
470 726 562 785 Dione
576 724 627 799 54,
638 729 686 785 2³.
725 722 846 793 Quando
864 720 989 800 perfecte
1006 719 1053 793 sit,
1070 719 1152 795 igno·

59 840 165 893 mmm,
190 829 269 881 oeno
290 829 384 879 tamen
402 828 550 897 antequam
570 815 691 876 Ouidius
714 818 782 875 artis
801 816 951 874 amatoriae
971 820 999 888 1,
1019 827 1092 870 nens.
1111 813 1150 868 71

62 917 198 977 strideret.
237 914 370 972 Creditur
385 910 495 989 quidem
515 910 600 986 uulgo
618 910 678 969 eius
701 909 839 969 dedicatio
858 925 932 966 enno
949 906 985 966 V.
1005 904 1039 963 G.
1058 904 1116 962 766
1132 920 1153 963 n

64 1006 147 1065 lione
170 1006 243 1079 trsdi
268 1006 310 1065 iris
336 1005 429 1064 uerbis
449 1003 498 1078 66,
517 1005 570 1062 2⁷2
603 995 625 1079 ἦ
649 1020 682 1061 τε
708 995 767 1073 coi
789 993 811 1079 ἡ
833 997 954 1062 Aaron
978 989 1153 1073 καλουμένη

67 1090 250 1180 ᾠκοδομήθη
277 1116 310 1158 τε
338 1095 371 1168 ἐς
393 1091 486 1174 τιμὴν
509 1096 565 1155 τοῦ
589 1114 623 1156 τε
646 1093 677 1154 Γ
675 1093 746 1155 uico
770 1091 823 1155 καὶ
848 1093 905 1155 τοῦ
922 1087 1065 1154 Λοοκὶοο
1089 1090 1153 1150 τῶν

69 1186 227 1273 Κοιοοίρων
245 1188 297 1253 καὶ
316 1183 386 1251 τότε
404 1184 598 1269 καθιερώθη.
633 1190 767 1269 Suspicor
784 1200 877 1248 tamen
896 1189 1026 1247 maiorem
1046 1186 1073 1255 iu
1090 1204 1154 1244 mo·

70 1285 136 1361 dm,
152 1284 328 1346 scribendum
346 1302 410 1344 esse
424 1273 446 1361 ἢ
460 1277 574 1343 'Invito
587 1277 770 1361 καλουμένη.
798 1283 911 1342 Memini
925 1282 997 1340 enim
1013 1279 1153 1337 basilicam

71 1379 138 1438 I’ruii
154 1380 237 1439 etiam
256 1375 332 1449 ςοάο·
348 1377 443 1437 dicere
459 1378 577 1438 Dionem
595 1379 695 1452 49,st
708 1387 737 1436 et
749 1376 859 1453 64,24.
896 1375 977 1432 Anno
994 1372 1078 1449 igitur
1094 1369 1154 1429 766

72 1472 185 1532 Ροοίοοοο
203 1471 315 1531 uidetur
333 1472 445 1530 basilica
462 1472 544 1545 Iulia,
563 1472 600 1530 de
618 1489 673 1549 qua
692 1471 722 1528 in
743 1490 819 1530 mon.
839 1471 940 1545 ancyr.
959 1467 1042 1525 taini
1060 1464 1153 1525 dextr

72 1561 1154 1644 mmmmttnmmeucooortroosdsr....oosptcpro-

71 1656 208 1737 mque
219 1677 304 1736 opero
315 1678 335 1717 o
347 1666 429 1736 pom
440 1676 501 1718 raso
517 1657 620 1734 perfeci
637 1664 664 1715 m
681 1655 796 1715 eosdm
806 1655 949 1715 mittum
964 1659 1155 1732 mopsos

69 1747 1152 1830 itmdioooroiiutorioscoioecdiituiormniairfiliormnmcorruo....

68 1843 301 1904 tmtoootsus
318 1862 374 1903 son
391 1841 673 1922 pmfocmsrutprnici
690 1843 883 1903 udkcsedidne
898 1845 968 1901 mdc
984 1844 1064 1901 ἰοοοί.
1093 1843 1156 1900 Hoc

68 1938 176 1997 sirecte
193 1938 324 2014 coniicio,
342 1938 476 2012 hebebis,
493 1936 571 2029 qnod
587 1937 678 1997 'addas
696 1938 942 2015 erchaeologorom
960 1935 1155 2014 dirpntatieni-

66 2031 112 2091 bns
128 2030 165 2091 de
183 2031 296 2089 basilica
319 2031 504 2106 nobilissima3
530 2031 705 2109 cognoscitur
730 2033 814 2089 mam
834 2034 1007 2108 ancyranam
1031 2029 1155 2088 tabularu

64 2134 125 2184 ante
144 2142 247 2183 annum
261 2123 318 2182 766
336 2140 398 2182 esce
411 2135 585 2202 conceptam,
604 2124 659 2181 hoc
674 2132 718 2182 est
729 2132 878 2202 antequam
893 2139 1051 2202 supremum
1070 2128 1157 2178 testa·

63 2227 184 2278 mentum
203 2219 343 2295 Augustus
367 2217 491 2291 faceret,
516 2215 596 2275 Suet.
618 2217 689 2294 Aug.
709 2221 775 2275 101.
819 2218 967 2276 Caeterum
994 2211 1156 2272 crediderim

61 2311 160 2371 isioum
178 2310 255 2368 ilium
268 2311 302 2369 P.
316 2311 467 2380 Victorem,
486 2310 534 2386 qui
546 2310 680 2387 pieraque
692 2328 743 2368 sua
758 2328 793 2369 ex
806 2311 885 2368 bouis
897 2308 1075 2386 scriptoribus
1093 2325 1157 2367 cor-

60 2406 145 2480 rosit,
162 2404 339 2463 emendatam
356 2404 452 2461 Diouis
471 2403 635 2480 scripturam
655 2422 710 2462 non
729 2405 886 2482 ignorasset
912 2403 987 2460 solus
1004 2402 1079 2459 enim
1098 2419 1155 2460 non
1251 2392 1254 2397 ’

58 2498 216 2575 dosiiiooor,
234 2496 284 2555 sed
302 2499 436 2574 porticum
453 2496 558 2557 chiom
576 2500 604 2556 in
624 2498 739 2574 regione
757 2507 857 2555 octana
876 2505 1011 2557 recenset.
1048 2493 1157 2555 Liuiam

57 2593 197 2672 porticum
222 2591 297 2649 bona
322 2589 379 2647 fide
403 2590 501 2648 notitIa
519 2590 603 2648 Vrbis
628 2591 656 2648 in
681 2591 796 2668 regione
822 2590 905 2647 tertia
922 2588 1008 2646 inisse
1024 2597 1157 2649 testatore

58 2703 114 2746 nec
133 2684 304 2743 accuratiora
323 2682 360 2740 de
377 2701 412 2741 ea
429 2684 570 2760 tempioue
587 2684 650 2761 ipso
669 2684 843 2743 Concordiae
860 2682 976 2741 definire
994 2683 1091 2740 ausim.

138 2779 231 2836 Idibus
249 2776 324 2851 lon,
343 2775 467 2834 fortassis
485 2793 560 2833 auno
579 2777 616 2835 V.
635 2779 670 2836 C.
688 2779 756 2848 660,
774 2777 838 2836 Liu.
858 2777 908 2851 06,
925 2778 974 2845 41,
992 2775 1090 2834 Iouis
1108 2792 1158 2835 ae·

58 2872 111 2932 des
129 2871 258 2931 dedicata
277 2876 330 2941 est,
349 2886 432 2946 quem
450 2869 585 2927 Inuicti
603 2889 757 2949 cognomen
776 2871 905 2930 habuisse
923 2878 1007 2945 neget
1025 2868 1161 2947 Neapolis·

58 2973 159 3025 contre
177 2963 280 3022 diserta
299 2962 439 3021 Ciceronis
456 2961 493 3022 de
511 2963 630 3042 legg.‚
599 2968 618 3020 2
647 2970 682 3023 11
703 2974 733 3024 et
746 2963 891 3044 Augustini
908 2962 987 3020 de
963 2981 1018 3023 cro.
1032 2961 1062 3022 d.
1076 2965 1106 3032 6,
1119 2966 1157 3019 11

58 3059 124 3121 init.
140 3055 306 3116 testimonia.

138 3150 186 3209 De
203 3150 309 3226 templo
326 3149 539 3210 Mineruae
530 3170 559 3210 ιο
578 3150 727 3227 Auentino,
745 3151 821 3230 quud
839 3152 904 3211 XIII
915 3152 963 3212 ΚΡ
976 3148 1028 3207 Iul.
1047 3084 1159 3207 dedica·

60 3252 123 3303 tum
141 3243 182 3301 ait
199 3240 335 3318 Ouidius,
360 3244 400 3302 ite
417 3245 552 3303 mistimcr.
591 3245 623 3304 si
642 3245 815 3322 exploratum
834 3255 907 3303 esset
925 3245 961 3303 de
979 3243 1088 3301 duobus
1105 3242 1161 3301 Iist-

60 3351 169 3393 neruee
185 3335 214 3391 in
233 3351 267 3392 οο
286 3346 380 3395 mente
398 3339 523 3416 templis,
548 3348 665 3416 propter
684 3338 799 3395 uerbum
819 3338 855 3395 ab
875 3337 979 3396 Ouidio
997 3340 1161 3415 usurpatum

64 3429 163 3506 Gosyii
181 3445 254 3487 uers.
267 3429 324 3485 728
346 3431 422 3507 quod
440 3432 579 3509 antiquius
597 3432 710 3505 iuissm,
727 3431 780 3488 isto
799 3429 844 3488 die
864 3437 1054 3488 consecratum
1073 3446 1162 3506 opor-

60 3530 147 3584 teret.
185 3522 244 3579 Iam
256 3540 326 3581 uero
343 3521 380 3582 de
395 3523 502 3583 duobus
519 3526 628 3603 templis
642 3523 709 3580 nihii
728 3532 846 3598 constat,
864 3523 968 3601 duplex
986 3531 1094 3580 tantum
1109 3521 1162 3580 de·

60 3612 208 3672 dicationis
227 3622 337 3690 tempus
356 3616 483 3690 traditur,
503 3618 568 3676 xtn
582 3617 631 3674 ΚΡ
644 3617 695 3675 Iul.
715 3617 751 3673 ab
770 3614 873 3675 Ouidio
891 3616 1025 3694 festisque
1042 3616 1163 3673 Amiter-

61 3707 134 3764 ninis
153 3717 182 3765 et
202 3707 367 3786 Esquilinis,
386 3710 451 3767 XIV
469 3711 517 3768 ΚΡ
537 3712 623 3788 April.
645 3728 713 3768 uero
733 3727 751 3766 a
769 3710 867 3768 Verrio
885 3710 988 3768 liiacco
1012 3709 1041 3766 in
1067 3708 1163 3767 tabule

62 3796 188 3856 seconde
206 3797 386 3859 Praenestino
406 3812 434 3859 et
452 3802 527 3879 apud
538 3805 652 3861 Festum
672 3822 701 3880 p.
711 3801 760 3876 65,
772 3805 792 3860 6
804 3803 867 3860 Vrs.
906 3805 984 3861 Haec
1002 3803 1025 3858 si
1044 3803 1105 3879 quis
1119 3802 1163 3859 in·

62 3892 212 3968 terpretmi
232 3894 297 3952 uelit
317 3893 353 3952 de
372 3895 545 3952 restitutione
563 3897 621 3953 eius
640 3896 747 3972 tempii,
770 3894 844 3971 quod
858 3895 942 3952 Festo
962 3903 1075 3952 auctore
1096 3897 1163 3968 141,

62 3986 105 4040 26
125 3982 190 4043 Vm.
211 3985 284 4043 bello
303 3987 409 4045 Punico
429 3986 551 4046 secundo
570 3989 599 4045 in
617 3998 713 4046 monte
730 3989 867 4045 Auentino
890 3989 961 4062 fuit,
986 4006 1087 4046 moneo
1107 3988 1164 4063 pri·

62 4093 141 4134 mum
159 4074 227 4134 nihii
252 4076 290 4138 de
306 4081 505 4139 instauratione
523 4079 611 4155 tradi3
637 4080 733 4140 titulus
756 4082 830 4139 enim
848 4081 894 4139 itte
913 4080 989 4159 apud
1008 4081 1164 4137 Gruterum

64 4187 96 4248 p.
107 4171 156 4243 60,
167 4169 199 4246 6,
218 4172 266 4250 qui
284 4172 392 4233 6611οοί
410 4173 541 4252 temporis
560 4180 690 4252 putatur,
709 4174 896 4252 supposititius
913 4173 1039 4253 uidetura
1062 4169 1165 4231 deinde
