2550 4574
97 281 203 327 ⁴uv1
349 267 352 277 '
505 281 548 326 na
570 279 642 326 raa.
664 279 852 327 uarrsauaa

219 434 298 490 Hanc
315 432 454 507 tabulam,
476 440 642 511 quamquam
660 433 744 510 plana
766 433 859 508 ignota
885 451 939 490 non
960 441 1021 508 est,·
1043 444 1124 492 neruo
1144 431 1237 493 adbuc
1274 485 1275 490 ,

142 524 239 602 attigit,
258 543 338 582 nemo
357 527 428 604 typis
447 527 586 605 repetiuit,
606 526 671 604 quin
690 527 871 605 negligentiae
891 544 957 583 suae
977 543 1083 583 errores
1102 525 1235 585 5115155·-
1257 588 1262 593 ,

141 627 195 694 ret,
213 619 289 677 leues
307 616 423 676 sortasse
436 618 493 676 eius
505 619 615 694 indicio,
633 619 680 697 qui
699 625 830 695 wantum
849 618 905 692 fati
923 637 1013 694 55555
1031 615 1133 678 tubello
1151 617 1234 677 55551

140 703 244 771 nescit(
283 711 380 787 Agitur
406 710 443 771 de
468 712 626 771 adiumento
657 713 741 788 longe
766 713 970 789 exoptatissimo
1000 711 1235 788 interpretationis

141 803 313 878 Ouidianae,
332 821 388 881 quo
406 821 487 862 nemo
508 804 573 862 dum
592 823 657 863 usus
677 814 729 864 est.
770 805 867 882 Itaque
885 823 947 862 cum
967 804 994 862 id
1014 812 1233 878 monumentum,-

138 895 213 976 quod
232 914 284 956 nec
302 897 360 954 aliis
377 896 406 953 in
425 897 507 955 rebus
525 905 603 954 tanto
623 899 683 955 usui
701 896 771 982 luit,
789 907 893 976 quanto
914 917 976 956 esse
994 898 1139 976 potuisset,
1157 914 1230 955 nuuc

138 989 248 1048 demum
273 1007 308 1048 eo
332 1008 389 1067 quo
414 988 498 1048 debet
519 990 580 1047 loco
606 974 808 1066 futurumst,
835 1011 890 1049 non
913 992 971 1049 sine
991 991 1101 1067 egregia
1120 989 1232 1048 launna

135 1081 197 1139 fieri
215 1099 295 1154 reor,
321 1091 352 1140 ut
369 1083 492 1160 iniquum
515 1079 588 1140 istud
612 1082 716 1158 fatum,
743 1103 800 1162 quo
819 1103 906 1162 usque
933 1084 1023 1142 adhuc
1041 1085 1232 1161 premebatur,
1247 1082 1272 1109 '·

136 1175 215 1252 quasi
227 1175 313 1232 retexi
322 1175 417 1253 possit.
444 1175 659 1256 Exprimeudum
675 1178 747 1236 enim
764 1179 859 1236 curaui
877 1196 912 1235 ex
922 1176 1084 1254 apographo
1099 1176 1233 1252 omniun,

136 1283 210 1343 quae
223 1264 459 1342 circumferuntur,
478 1269 579 1346 primo,
598 1271 649 1327 nisi
668 1269 758 1346 fallor,
775 1271 886 1349 reliquis
900 1269 1071 1344 accuratiori,
1091 1277 1124 1326 ut
1139 1277 1234 1327 osten·

137 1359 211 1417 dam.
255 1357 425 1417 Bibliotheca
452 1363 527 1436 regia
545 1362 729 1421 Beroliuensis
748 1363 864 1421 schedas
882 1362 999 1419 Viuandi
1017 1361 1106 1438 Pigbii
1126 1356 1231 1436 seruat,

136 1453 185 1530 qui
211 1453 247 1510 ab
273 1470 348 1510 auno
375 1452 450 1511 1548
471 1452 532 1511 iere
550 1455 586 1512 ad
606 1474 707 1513 annum
736 1455 813 1514 1556
831 1456 938 1513 Romae
963 1456 1097 1512 litteratos
1125 1454 1233 1533 lapides
1260 1480 1275 1500 ν

136 1563 237 1624 magno
255 1545 346 1605 studio
364 1547 477 1604 rimatus
496 1554 539 1604 est
561 1555 590 1605 et
607 1545 734 1626 exempla
752 1549 886 1624 sumpsit,
912 1548 1011 1624 quibus
1029 1554 1129 1625 postea
1150 1549 1231 1606 Gru-a
1273 1553 1275 1566 '

127 1648 212 1716 ¹terus
230 1639 259 1698 iu
276 1637 407 1699 thesauro
426 1658 490 1697 usus
513 1648 564 1698 est.
602 1641 732 1701 Tabulae
755 1642 826 1699 illius
853 1641 1062 1717 descriptionem
1084 1642 1180 1699 inueni
1199 1640 1231 1699 in
1258 1646 1275 1689 -·

135 1730 276 1792 uolumine
294 1733 330 1790 ab
350 1732 408 1790 eius
420 1749 503 1789 manu
518 1733 621 1810 scripto
635 1734 775 1808 insertam,
795 1734 870 1811 quod
884 1742 996 1790 notatur
1008 1733 1122 1792 51515.
1135 1733 1231 1792 salso
1253 1701 1275 1850 ’1

136 1832 165 1884 et
188 1825 360 1883 inscribitura
392 1828 429 1884 la
452 1824 544 1898 fastos
561 1830 751 1886 Romanorum
773 1823 945 1903 pontificales
970 1829 1167 1886 commentario
1196 1840 1232 1884 es
1252 1863 1269 1889 ,2

135 1917 230 1978 ordios
248 1924 274 1975 ct
292 1916 376 1976 ductas
387 1915 503 1977 1555155
521 1919 662 1978 colaudans
679 1934 849 1981 55555555
867 1923 997 1997 5565555
1014 1938 1084 1996 quur
1100 1919 1231 1979 uuam
1261 1883 1275 1966 Ι

136 2015 243 2072 Romae
260 2017 389 2070 contuitu
406 2013 437 2068 io
462 2009 573 2070 oedibus
590 2013 795 2089 anbucorum
818 2031 867 2089 per
885 2013 981 2089 stapla.
1002 2011 1159 2072 Viauadtuu
1180 1998 1266 2091 Μ

54 2176 62 2183 ⁸
134 2105 237 2182 patum.
275 2105 319 2162 Ex
337 2122 372 2162 eo
392 2105 585 2164 commentario
610 2105 681 2163 infra
701 2105 861 2184 depromam
880 2106 1023 2180 nonnulla,
1042 2123 1115 2184 quae
1133 2105 1171 2162 ad
1189 2100 1264 2167 lsi-i

134 2200 248 2257 storiam
266 2197 346 2256 huius
365 2198 477 2256 tabulae
494 2198 642 2277 pertinent.
683 2199 728 2257 De
750 2217 784 2256 ea
804 2201 892 2267 cuim,
911 2196 1098 2276 praeterquod
1117 2198 1228 2256 inuenta
1249 2200 1267 2285 i

135 2309 196 2351 asse
215 2293 379 2350 55551547
398 2291 523 2362 traditur,
542 2294 621 2351 nimis
640 2295 726 2365 multa
744 2294 915 2370 ignorantur.
954 2291 1045 2349 Nemo
1063 2292 1165 2361 locum,
1184 2291 1227 2348 ubi
1249 2290 1275 2365 i.

134 2384 230 2442 tabula
243 2385 355 2441 inuenta
367 2385 413 2459 sit,
429 2385 573 2461 indicauit,
592 2387 666 2464 qnod
682 2386 744 2444 sciri
758 2387 802 2442 uel
817 2387 939 2453 maxime!
953 2387 1101 2443 intererat.-
1119 2381 1226 2461 quando
1259 2393 1275 2442 f.

134 2495 171 2536 ex
189 2476 330 2535 bominum
350 2491 497 2555 conspectu
517 2497 611 2534 rursus
630 2479 790 2554 monuerit,
815 2483 869 2536 non
888 2481 974 2554 magis
993 2485 1115 2534 constats
1141 2475 1228 2534 lilan-
1251 2486 1264 2560 t

133 2568 256 2643 chinius,
282 2569 359 2627 cuius
378 2570 485 2628 ‘lilinum
511 2568 548 2628 de
573 2571 729 2629 calendario
754 2582 783 2629 et
809 2573 886 2647 cyclo
906 2569 1032 2628 Caesaris
1051 2569 1134 2627 Rom.
1155 2571 1228 2627 1703
1250 2582 1269 2641 a,

133 2662 254 2721 nancisci
272 2681 329 2720 non
349 2663 445 2740 potui,
464 2662 615 2721 secundum
635 2664 748 2727 Saaium
768 2664 804 2721 ad
823 2665 957 2741 Vaassen.
976 2661 1122 2720 Animadu.
1140 2682 1172 2741 p.
1182 2680 1228 2721 xv

91 2827 94 2832 ι
133 2756 244 2814 minime
262 2756 349 2832 ipsam
369 2753 491 2814 tabulam
511 2755 593 2826 uidit,
613 2767 688 2815 certe
707 2776 762 2814 uon
783 2756 850 2813 uidit
869 2752 942 2813 annu
963 2755 1054 2830 1704,
1074 2755 1149 2833 quod
1171 2765 1230 2813 tra·
1269 2815 1270 2818 ,

132 2848 174 2908 dit
192 2849 346 2926 Fogginius
361 2847 440 2909 Fast.
458 2846 560 2907 Praen.
580 2869 611 2927 p.
621 2852 671 2911 99.
710 2849 778 2909 lude
798 2870 815 2907 a
831 2848 958 2926 liogginii
976 2859 1068 2907 aetate
1087 2869 1104 2906 a
1123 2850 1231 2907 nemine

132 2950 281 3021 conspecta
300 2950 352 3013 ast,
371 2952 505 3020 mantum
524 2944 617 3002 sciam.
656 2945 729 3001 Dum
749 2953 836 3017 extat,
855 2943 995 3021 descripta
1015 2950 1058 3000 est
1075 2941 1230 3020 quinquies.
1260 2995 1261 3012 ἶ

131 3037 261 3115 Sigonius
279 3035 354 3115 apud
374 3033 474 3095 Aldum
494 3036 700 3114 imprimendam
721 3038 844 3110 curauit,
863 3037 997 3094 incertum
1016 3052 1072 3113 quo
1092 3053 1184 3104 anno,
1202 3044 1231 3093 et

129 3147 200 3190 num
223 3140 289 3188 ante
309 3129 457 3209 Pighiuma
480 3129 509 3188 id
533 3130 623 3208 ipsum
648 3137 741 3186 autem
756 3124 938 3206 *Sigonianum
957 3128 1113 3205 exemplum
1132 3137 1232 3206 postea

131 3221 231 3282 Aldum
251 3223 393 3301 repetiisse
409 3224 439 3280 in
462 3221 681 3299 Orthoprupbiua
699 3225 806 3280 ratione
827 3225 894 3279 Vco.
911 3221 986 3295 1566
1004 3221 1122 3297 eognoui
1140 3237 1178 3278 ex
1196 3237 1230 3278 eo
1261 3280 1264 3290 ,

131 3317 311 3395 spatularum
330 3316 393 3372 Aldi
411 3316 588 3392 umquem
610 3314 709 3373 Sarius
728 3334 757 3392 p.
766 3333 830 3374 xuv
848 3315 960 3373 indicat.
1000 3311 1131 3372 Secunda
1149 3314 1232 3390 igitur

130 3407 201 3468 haec
219 3407 283 3465 aldi
302 3407 385 3466 editio
405 3417 468 3480 est,
487 3426 572 3485 quam
590 3409 675 3466 oculis
693 3409 836 3486 usurpaui.
876 3407 1004 3467 Proxime
1022 3407 1100 3463 Arias
1120 3405 1231 3463 Monta·

38 3546 40 3551 ·
130 3519 183 3561 nus
202 3501 377 3579 Antwerpiae
404 3501 479 3558 1574
504 3502 655 3578 expressit,
683 3511 754 3559 teste
780 3501 865 3559 Saxio
886 3522 915 3578 p.
927 3519 1008 3574 x1v,
1034 3496 1109 3575 quod
1133 3494 1231 3552 folium
1256 3532 1264 3551 .

40 3595 42 3600 ’
130 3613 188 3653 555
205 3592 280 3662 taidi,
299 3592 349 3651 sed
367 3594 487 3651 imitatus
507 3593 576 3650 iilud
595 3592 694 3651 dicitur
713 3595 850 3652 Graculus
869 3597 896 3651 in
916 3593 1047 3650 thesauro
1066 3601 1087 3647 t.
1103 3592 1121 3646 8
1140 3607 1169 3664 p.
1182 3592 1230 3647 13.
1260 3639 1275 3662 <A

130 3687 214 3746 Aliud
229 3685 352 3748 eiusdem
368 3685 442 3745 modi
456 3696 576 3763 ectypou
591 3698 703 3745 secutus
717 3689 827 3746 uidetur
838 3674 1025 3754 Bianclrinius,
1045 3681 1232 3741 nesciocuius
1266 3735 1275 3745 ,

129 3783 213 3855 anni,
238 3779 306 3855 sed,
332 3789 365 3838 ut
383 3789 520 3857 apparet,
539 3789 605 3857 post
623 3780 781 3838 thesaurum
800 3781 997 3838 Gruterianum
1017 3777 1107 3854 primo
1126 3773 1233 3832 editum

128 3876 305 3947 55551601,
324 3874 372 3930 ubi
389 3875 480 3949 ipsum
495 3871 582 3950 Piglrii
602 3876 757 3950 exemplum
772 3892 828 3932 non
848 3871 1050 3930 accuratissime
1069 3866 1232 3946 cupressum
1268 3931 1275 3938 ‚

127 3968 229 4043 legitur
247 3983 435 4044 p.oxxx111.
473 3966 617 4024 Postremo
635 3967 784 4044 Fogginius
810 3963 965 4042 'exemplum
992 3963 1108 4040 protulit
1132 3962 1240 4020 inuen·'

126 4070 188 4119 tum
206 4063 234 4119 in
254 4059 349 4121 codice
367 4059 513 4132 Vaticano,
533 4059 609 4136 quod
627 4059 664 4116 ad
682 4059 821 4134 Pyrrhum
840 4059 981 4135 Ligurium
1001 4053 1125 4132 aliosque
1144 4074 1231 4132 quos·

125 4151 191 4214 dam
208 4163 335 4226 auctores
353 4151 492 4215 refertur:
512 4154 621 4212 adiecta
640 4154 723 4211 etiam
740 4163 801 4212 erat
820 4152 969 4229 descriptio
988 4147 1126 4228 quaedam
1145 4147 1231 4225 ipsius
