2550 4574
549 282 628 348 131
835 354 837 361 Ι
909 248 922 261 ”
973 277 1133 340 cosam
1235 298 1251 315 ’κ

24 425 89 484 illae
109 425 138 483 in
157 424 234 485 libris
251 429 437 506 superioribus
450 449 602 510 eorumque
615 432 717 510 triplici
732 430 838 508 origine
852 398 1000 512 expeditae
1009 418 1123 500 fuerint.
1184 454 1186 463 ¹

24 519 105 588 Quas
124 519 190 595 quia
208 533 389 599 exaggeratas
408 542 425 582 a
445 542 489 582 me
508 544 570 584 csse
588 526 699 584 minime
717 525 857 596 existimo,
876 546 940 587 non
967 533 1124 608 putauerim
1225 541 1227 546 '

21 612 125 670 librum
144 612 411 674 Mallersdorfianum
438 619 474 675 ab
500 618 560 695 ipso
582 619 721 677 communi
745 617 868 678 omnium
887 622 1022 700 principio
1041 642 1132 702 repe*¹¹
1177 684 1183 697 ,

19 704 169 765 tendumr'
184 708 289 784 poterit
314 710 373 767 aliis
398 708 486 767 modis
510 710 640 786 intelligi,
665 729 715 768 cnr
738 711 849 788 saepius
873 713 930 772 ullo
953 715 1009 774 alio
1026 716 1123 778 codrus

17 798 134 882 optimis
153 797 299 860 Petauiani
318 811 347 860 et
365 802 517 862 llfeldensis
536 803 676 880 scripturis
697 803 831 879 accedat,
851 825 902 864 cnr
918 807 990 866 illius
1008 809 1121 886 potissi-

14 911 98 958 mum
117 903 230 950 assensu
248 893 323 951 lidae
341 895 519 955 Arundeliani
534 907 562 955 et
577 896 705 954 Vossiuni
723 897 877 974 scripturae
895 902 1120 978 comprobentur,
1143 901 1147 915 “

14 985 100 1044 uelut
119 991 150 1060 2,
161 989 233 1061 3273
253 987 325 1062 5303
344 989 417 1064 5903
438 992 512 1066 6063
533 995 561 1060 3,
574 991 645 1065 416;
665 988 737 1064 676;
758 991 826 1066 844,
848 1011 897 1050 cur
915 1002 1060 1071 praeterea
1076 994 1119 1053 lo-

12 1080 56 1138 cis
78 1079 228 1137 innumeris
246 1079 322 1138 solus
341 1091 390 1139 aut
399 1102 497 1161 prope
516 1084 591 1142 solus
609 1084 782 1161 probabilem
801 1085 964 1162 scriptoriam
981 1084 1119 1157 exhibeat,
1194 1112 1197 1119 ·

10 1181 47 1230 ut
61 1174 161 1247 2,os;
180 1174 251 1247 1953
271 1174 345 1249 6453
364 1176 437 1250 6723
456 1178 529 1252 6763
548 1176 661 1251 3‚115;
682 1178 845 1251 18536363
864 1179 936 1252 7393
955 1179 1028 1254 8153
1046 1179 1118 1238 aasz

10 1284 50 1325 eo
72 1267 148 1324 enim
168 1285 223 1343 qun
241 1267 270 1324 in
289 1266 364 1326 bisce
382 1268 466 1326 modo
484 1269 539 1327 leui
558 1288 711 1348 paucarum
728 1269 881 1328 litterarum
900 1270 1055 1329 discrimine
1070 1289 1117 1329 sn·
1207 1339 1209 1343 s

10 1355 76 1416 lent
101 1359 132 1415 iu
157 1356 211 1415 boc
232 1360 303 1418 libro
321 1362 434 1419 aerium
458 1364 585 1423 inueniri.
624 1364 697 1422 Cum
716 1361 812 1422 codice
831 1363 977 1423 Morotauo
995 1363 1118 1423 seeundo
1194 1432 1197 1437 ¹
1248 1360 1255 1370 ⁵

10 1452 176 1511 consentire
194 1470 280 1530 saepe
298 1455 420 1513 memini.

94 1550 125 1605 6.
164 1545 262 1603 Codex
287 1545 492 1606 Bauaricus
520 1551 657 1610 secundus
682 1559 796 1610 notatur
823 1554 860 1610 Ε.
900 1548 1029 1608 Eundem
1056 1550 1116 1611 eius

10 1644 98 1698 mm
116 1637 279 1714 impilffiub
305 1657 388 1716 (luem
408 1642 517 1717 prioris.
556 1644 710 1702 ludicatum
728 1644 840 1721 accepis
864 1640 922 1701 nod.
942 1641 1117 1705 &bumbosae
1225 1635 1229 1654 ²

10 1731 83 1791 olis·
104 1730 261 1790 cbotnrulis
277 1735 460 1792 Monacensis
476 1753 505 1793 ss.
525 1736 584 1796 594
607 1736 742 1811 foliorum
758 1738 913 1812 consopitis
934 1753 987 1794 sea
1009 1739 1039 1795 in
1059 1745 1112 1797 nul.

10 1842 89 1885 m.
101 1827 176 1884 xil.
203 1823 324 1883 Formae
342 1836 385 1884 est
403 1828 551 1907 oblongae,
570 1831 689 1908 scriptus
707 1833 813 1889 minuta
825 1842 909 1887 mauu
923 1826 1022 1888 additis
1038 1824 1114 1907 glos·¹
1164 1848 1167 1857 ’

10 1918 128 1976 sensatis
153 1924 182 1976 et
207 1918 291 1976 uariis
316 1919 458 1996 scripturis
477 1937 495 1978 a
514 1921 598 1998 longe
624 1923 829 2000 posterioribus.
868 1921 1061 2002 Diplrtbougus
1078 1944 1113 1984 oc

10 2028 158 2097 nunquam
177 2012 256 2070 aliter
274 2029 358 2090 qnam
377 2012 528 2091 simplicis
546 2024 641 2090 extat,
668 2032 685 2073 s
708 2015 873 2094 plerumque
895 2015 946 2074 sed
965 2035 1020 2074 non
1039 2022 1112 2075 sem·

10 2121 69 2181 per
86 2121 233 2180 procerum
252 2114 304 2164 est.
336 2105 457 2164 Litteras
475 2109 656 2185 paragogicas
671 2104 782 2166 formae
800 2108 924 2185 capitalis
942 2108 980 2166 ad
997 2110 1112 2186 explen·
1218 2172 1224 2179 ,

10 2196 80 2255 dam
99 2197 199 2256 lineam
216 2197 393 2258 dextrorsum
417 2200 493 2258 haud
513 2201 624 2258 memini
647 2217 693 2258 me
715 2200 779 2258 alibi
801 2207 885 2278 atque
910 2200 938 2258 in
963 2200 1017 2259 boc
1040 2203 1111 2261 libro

10 2291 148 2350 inuenire.
185 2291 364 2369 Bibliopegus
389 2311 438 2352 sex
462 2292 530 2351 folia
548 2311 622 2370 quae
640 2291 1109 2370 ponendafueruntpostfol.18

11 2384 131 2442 munit
150 2393 215 2463 post
232 2385 282 2443 sol.
296 2389 334 2442 26
362 2397 391 2460 et
418 2395 482 2483 post
506 2385 557 2445 fol.
571 2388 612 2442 40
636 2401 784 2461 perperam
800 2383 852 2443 t'ol.
867 2387 945 2440 41-
952 2388 999 2444 49.
1038 2388 1111 2447 Ante

10 2495 59 2536 me
78 2479 255 2536 contulerunt
273 2480 316 2537 uir
334 2478 431 2536 doctus
450 2460 583 2548 Batauus,
601 2475 720 2535 fortasse
738 2477 901 2536 Franciscus
920 2479 1107 2557 Burmannus,

11 2571 42 2628 in
61 2569 109 2630 ed.
128 2571 223 2631 Heius.
246 2573 336 2643 1662,
360 2571 410 2630 sed
430 2572 620 2647 negligenter,
648 2580 677 2628 et
696 2570 800 2628 Xauer.
819 2571 963 2630 Werlerus
981 2573 1025 2629 uir
1042 2575 1108 2633 olim
1140 2556 1143 2565 ⁵

11 2663 245 2741 ingeniosissimus
262 2667 326 2743 qui,
351 2663 427 2743 quod
452 2681 486 2721 ex
511 2664 570 2721 eius
589 2662 794 2722 collectionibus
812 2681 836 2722 a
850 2667 910 2723 uiro
929 2665 1108 2724 illustrissimo

12 2755 93 2816 Frid.
108 2757 271 2815 Tluierscbio
289 2756 356 2818 mibi
374 2756 512 2835 permissis
529 2757 660 2828 intellexi,
680 2755 778 2834 insigni
795 2756 886 2815 studio
899 2757 993 2817 Ouidii
1009 2759 1107 2818 editio-

11 2854 79 2908 nem
98 2861 249 2927 parauerat
266 2850 377 2928 qualem
397 2849 480 2908 bodie
501 2848 592 2907 decet.
631 2849 684 2906 Hic
701 2857 818 2909 testatus
836 2859 879 2909 cst
900 2850 1001 2908 librum
1020 2851 1106 2909 uideri

11 2943 118 3001 saeculi
136 2941 292 3002 duodecimi
317 2953 367 3002 aut
385 2944 468 3001 etiam
487 2941 624 3000 undecimi
641 2950 671 2999 et
689 2941 793 3000 babere
810 2942 959 3020 singularia
976 2952 1006 3000 et
1023 2961 1107 3019 prae-

10 3036 114 3092 stantia
131 3035 228 3095 multa.
258 3036 334 3094 Nihil
354 3036 463 3095 decedit
482 3034 547 3092 huic
564 3034 641 3093 laudi
658 3035 731 3093 inter
749 3036 875 3094 codicum
893 3053 1017 3093 meorum
1035 3030 1113 3092 mul-¹

10 3126 169 3186 titudinem.
201 3127 259 3187 Sed
278 3138 372 3190 tamen
391 3129 486 3207 incipit
505 3129 541 3186 ab
559 3127 614 3185 boc
633 3127 702 3186 ordo
721 3129 853 3186 librorum
871 3126 1107 3203 secundariorum,

11 3221 62 3299 qui
79 3239 171 3298 neque
190 3223 323 3299 originem
341 3224 528 3302 peculiarem,
552 3238 644 3299 neque
668 3230 718 3279 aut
742 3223 771 3279 in
795 3219 992 3298 orthographia
1010 3220 1106 3278 autin

10 3316 154 3392 scripturis
179 3325 285 3373 tantam
305 3335 399 3373 curam
419 3314 595 3393 praeierunt,
622 3323 655 3370 ut
679 3323 818 3391 perpetus
840 3315 868 3373 iu
893 3313 1036 3372 discrimen
1054 3331 1105 3372 ue·

11 3408 106 3466 niantr
133 3409 279 3466 mittuntur
297 3410 325 3468 in
343 3408 503 3485 suffragium
522 3409 570 3465 ubl
589 3407 746 3484 superiores
765 3425 824 3466 rem
841 3406 1010 3481 destituunt,
1029 3406 1106 3464 uelut
1188 3410 1190 3415 ’

11 3505 43 3576 3,
61 3503 131 3560 906.
171 3502 320 3560 Caeterum
339 3504 429 3560 sciens
447 3501 550 3559 nullam
570 3500 617 3560 uel
635 3499 799 3558 lenissimam
817 3501 980 3578 scripturam
998 3500 1105 3574 redcui,

11 3595 53 3652 uti
71 3612 125 3652 nec
144 3594 172 3651 in
192 3594 278 3652 multo
293 3596 448 3672 peioribus:
468 3597 572 3671 poteris
591 3595 651 3670 ipse
670 3593 807 3667 arbitrari,
824 3611 890 3663 num
909 3602 984 3650 recte
1002 3590 1105 3649 iudica·

11 3687 100 3745 nerim
121 3687 244 3744 codicem
264 3689 386 3746 eiusdem
405 3689 514 3763 originis
533 3705 594 3745 esse
612 3703 674 3743 cum
689 3685 840 3743 Petauiano
859 3687 960 3762 primo,
978 3683 1028 3742 sed
1046 3701 1105 3740 ma-

11 3780 54 3856 gis
73 3791 234 3857 corruptum
254 3781 289 3837 ab
314 3779 429 3837 indoctis
448 3781 580 3855 librariis,
607 3780 655 3857 qui
678 3779 801 3857 inprimis
824 3777 1050 3855 orthographiam
1068 3774 1106 3833 ad

10 3890 92 3930 suam
110 3872 275 3930 ineruditam
294 3871 520 3931 consuetudinem
542 3873 725 3931 deflexerunt.
762 3873 815 3928 Hic
834 3880 892 3948 est,
918 3874 966 3947 qui
984 3870 1106 3948 plerum·

11 3982 69 4042 que
87 3964 227 4042 scriptum
241 3964 341 4026 lrabeat
360 3965 524 4043 dampnum,
542 3984 687 4045 sompnus,
705 3967 831 4041 lampa,
850 3965 1025 4030 amramitas,
1041 3977 1108 4037 pet-
1152 3987 1156 4001 ·

11 4056 121 4128 kanb,
140 4057 242 4135 maus,
261 4059 389 4118 loliorum
395 4078 404 4130 3
423 4060 560 4118 rarusime
578 4063 629 4136 ita,
648 4067 680 4116 ut
698 4061 727 4128 6,
746 4061 803 4114 172
821 4055 858 4114 ad
875 4061 947 4114 iusto
965 4052 1106 4111 subtiliora

11 4150 157 4214 madito
179 4151 265 4213 babet
282 4170 350 4212 sane
369 4160 398 4212 et
417 4169 485 4212 uera
502 4142 607 4236 multa,
626 4159 658 4211 ut
675 4152 816 4229 quom,
834 4146 1006 4218 tamma,
1024 4143 1108 4214 nilla
