2550 4574
108 273 192 322 xvru
433 306 436 311 .
531 273 575 319 nn
590 250 790 319 'vervenare

107 414 256 484 nonbsima
271 429 377 484 tanturn
396 429 426 482 et
444 423 570 501 proxime
586 441 692 484 annum
711 422 854 487 ἀώυίωω
873 423 1068 486 antecedentia
1085 428 1111 485 in

105 518 216 579 sufficit.
262 518 360 595 ltaque
383 515 483 574 scimus
510 535 547 576 ex
572 518 667 577 tabula
694 516 863 577 Amiternina
889 515 962 574 diem
988 517 1028 576 lV
1051 519 1111 579 Nor

106 612 219 690 signari,
238 612 276 669 uti
296 609 372 668 uides
391 608 419 667 in
438 607 595 680 llaffeana,
614 610 684 686 M’,
704 610 777 689 qood
795 629 827 670 co
845 609 890 669 dio
907 628 962 670 oco
980 614 1065 670 Poois
1082 613 1111 670 A

110 707 205 782 llernp.
225 709 316 762 Mart.
336 705 485 762 maatitmo
504 709 547 762 cat
564 707 675 764 Neam
691 712 720 763 ct
741 708 818 764 Voro
836 722 907 763 cosa
946 704 1073 764 Fuerunt
1097 707 1111 763 ii

6 777 12 794 ⁸
105 818 180 857 anno
202 799 234 856 V.
255 799 290 857 C.
309 800 365 855 741
386 806 415 854 et
434 796 552 857 eandem
569 815 629 857 rem
649 814 684 855 eo
708 813 781 854 anno
801 807 998 857 commemorat
1016 798 1070 856 Dio
1090 799 1109 856 5

104 893 147 950 lta
159 891 343 970 ›Angumalia,
363 908 436 969 quac
455 890 561 968 magnis
580 889 677 948 litteris
695 889 768 946 inter
785 892 906 969 reliquas
924 891 1008 948 ferias
1028 892 1111 951 indici

103 984 204 1044 1v1d.
225 982 301 1055 Oct,
320 985 367 1043 uix
385 983 468 1042 credo
487 984 640 1062 perscripta
657 984 686 1040 in
704 981 810 1058 fastos,
831 993 980 1062 antequam
1000 1003 1074 1043 anno
1093 989 1111 1044 t

102 1077 136 1138 S.
154 1078 191 1136 C.
210 1087 358 1156 agerentur
383 1087 454 1135 teste
472 1076 564 1135 Dione
581 1076 632 1150 at,
652 1077 698 1134 34.
739 1077 812 1135 Nam
839 1095 911 1154 qnae
934 1077 1008 1137 idem
1035 1079 1102 1137 ibid.

102 1181 215 1247 narrat,
242 1171 365 1249 coepisse
388 1170 435 1227 illa
461 1163 493 1228 ἐν
513 1173 582 1240 ταῖς
599 1163 790 1246 ἱερομηνίαις
809 1163 1019 1247 ἀριθμεῖσθαι
1043 1191 1111 1232 anne

102 1264 276 1343 td'prinatas
298 1262 499 1341 superstitionis
524 1264 610 1323 subse
634 1265 768 1343 suspicor.
788 1263 922 1322 Morcellii
940 1265 970 1323 in
993 1265 1046 1324 hac
1073 1285 1106 1325 rc

100 1358 171 1417 tiens
189 1369 232 1418 est
250 1375 337 1418 error.
376 1356 466 1417 Valde
485 1357 521 1416 ad
542 1376 600 1416 rem
620 1357 751 1434 pertinet,
772 1357 847 1433 quod
867 1357 939 1415 diem
959 1359 996 1415 lll
1016 1358 1063 1416 Kl'
1084 1360 1111 1416 Fr

103 1453 140 1512 C.
161 1453 284 1512 Caesare
304 1469 361 1509 cos.
381 1450 418 1507 lll
437 1452 524 1509 mensi
543 1451 681 1510 adiectum
702 1459 732 1506 et
749 1448 850 1509 fastum
870 1459 996 1509 notatum
1015 1471 1076 1510 csse
1094 1473 1111 1511 s

101 1544 269 1605 Μωδαῒ.
291 1545 387 1620 1,14.
425 1545 464 1602 nt
489 1561 559 1602 nero
587 1544 616 1601 in
642 1543 720 1602 lastis
739 1542 885 1602 Maffeanis
912 1553 941 1602 et
956 1543 1111 1603 Praenestir

100 1647 169 1698 nota
185 1649 293 1698 mumta
314 1648 372 1709 est,
390 1639 506 1716 eiusque
524 1636 565 1696 rei
583 1655 669 1696 causa
687 1656 748 1694 cnm
768 1637 843 1714 apud
863 1636 1013 1713 Ouidium,
1034 1649 1094 1696 tum

100 1732 188 1790 catius
205 1732 233 1788 in
253 1732 347 1789 tabula
365 1729 547 1790 Praenestina
564 1730 707 1810 profertur
726 1749 776 1789 ara
794 1731 874 1788 Pacis
894 1731 966 1808 Aug.
981 1732 1072 1789 Druso
1092 1751 1109 1790 e

9 1899 12 1906 Ι
100 1826 181 1903 spino
199 1843 281 1894 coss,
308 1823 361 1882 hoc
380 1833 422 1882 est
440 1841 514 1905 anno
532 1825 600 1884 745.
639 1825 698 1883 lam
717 1824 879 1884 deuenimus
898 1825 935 1882 ad
955 1843 1006 1898 ca,
1033 1843 1107 1901 quae

100 1916 169 1992 7⁴6,
188 1919 247 1975 746
263 1925 293 1974 et
310 1914 428 2001 sommae
454 1919 540 1997 paulo
565 1928 631 1978 ante
654 1930 755 1997 postue
782 1921 872 1996 ipsum
892 1920 1045 1995 Augustum
1070 1919 1098 1974 in

98 2011 219 2070 nouam
230 2009 488 2073 demonstrauimus.
518 2011 666 2072 Neminem
680 1995 808 2091 equidem
823 2012 922 2088 fugere
934 2020 1028 2090 potest
1039 2029 1084 2085 ea,
1102 2031 1111 2069 c

78 2107 80 2111 ’
99 2123 152 2165 nas
169 2105 198 2163 in
218 2105 311 2164 tabula
329 2106 468 2182 app'arere
480 2115 608 2184 possunt,
627 2106 765 2164 innostra
783 2105 987 2182 repraesentari
1005 2106 1112 2162 omnia:

98 2198 136 2258 de
156 2199 367 2258 intercalatione
391 2208 468 2259 certe
492 2219 548 2259 non
573 2200 674 2278 potuit.
720 2199 844 2258 Octauas
862 2196 1007 2256 Kalendas
1033 2217 1088 2257 una

98 2310 173 2369 qnae
190 2301 336 2370 superest,
356 2292 429 2351 linea
446 2290 621 2367 demonstrat
637 2295 793 2373 appellatas
812 2311 868 2352 non
887 2292 1020 2367 Sextiles,
1037 2292 1087 2351 sed
1104 2319 1111 2348 i

98 2394 170 2444 stass
189 2383 247 2444 ludi
265 2386 400 2445 circenses
419 2387 459 2444 lX
476 2386 525 2445 Kl‘
545 2386 612 2447 Oct.
632 2387 678 2447 die
696 2388 813 2466 Augusti
832 2388 916 2445 natali
935 2379 1111 2444 annotantur

98 2478 205 2538 senatui
222 2477 351 2538 habendo
368 2478 512 2551 Kalendas
531 2499 627 2540 omnes
653 2490 683 2541 et
708 2481 773 2541 ldus
799 2491 875 2540 recta
899 2482 1059 2538 coniectura
1082 2496 1111 2536 as

97 2588 192 2629 sumus
210 2568 296 2630 luisse
313 2573 455 2651 insignitos
473 2572 502 2631 N
522 2573 568 2631 uel
587 2573 650 2647 NP,
669 2577 710 2634 ita
727 2576 799 2633 enim
820 2573 1081 2653 deprehenduntur:
1100 2572 1111 2630 l

97 2661 172 2721 salia
190 2673 220 2720 ct
238 2661 341 2741 Opalia
363 2668 404 2725 ita
421 2667 506 2744 plane
530 2665 662 2743 disposita
680 2677 763 2742 sunt,
793 2668 832 2724 uti
850 2667 1007 2727 Macrobius
1032 2667 1095 2722 loco

96 2754 218 2815 indicato
243 2757 345 2817 tradite
369 2768 508 2838 postremo
530 2759 554 2818 si
578 2762 734 2835 memineris
759 2759 839 2818 ludos
864 2759 1027 2819 honorarius
1053 2758 1111 2815 fuis

96 2851 254 2910 coniectura
272 2859 367 2911 nostra
386 2851 588 2931 Quinquatrus,
602 2853 769 2932 Megalesia,
789 2855 921 2926 Cerialia,
941 2852 1071 2921 Floralia,
1095 2853 1111 2907 Α

96 2962 193 3023 nares,
211 2945 372 3021 Romanos,
391 2945 529 3025 Plebeiae,
549 2947 615 3006 uide
633 2949 701 3024 iam,
720 2957 790 3027 quot
809 2947 869 3007 dies
887 2947 915 3004 in
934 2946 1047 3022 singulis
1066 2944 1108 3002 his

96 3038 179 3099 rebus
198 3039 312 3117 agendis
330 3040 407 3119 apti,
433 3039 487 3100 lroc
511 3051 554 3100 est
571 3042 669 3101 litteris
688 3042 713 3100 F
733 3043 779 3101 uel
800 3041 824 3101 C
844 3042 932 3101 notati
950 3041 1023 3097 sinte
1049 3038 1111 3106 erir

96 3133 183 3190 tribus
201 3132 270 3208 duo,
288 3135 354 3192 Xlll
368 3144 397 3192 et
412 3134 464 3193 Xll
480 3134 530 3193 Kl'
548 3137 633 3213 Apa,
653 3154 748 3194 menae
767 3136 853 3213 Aprili
873 3133 1111 3211 illegaleslscorun

95 3244 156 3284 mus
175 3235 205 3284 et
228 3225 346 3287 fumasse
370 3229 525 3303 secundus,
549 3230 698 3288 Coriallum
718 3228 828 3301 nullus,
855 3227 1007 3291 Floralium
1028 3225 1102 3299 du03

94 3337 192 3377 mense
215 3319 287 3385 inter
314 3309 395 3381 ludos
422 3320 595 3400 Apollinares
621 3332 699 3397 tres;
726 3321 797 3378 ludis
822 3322 955 3381 Romanis
983 3317 1111 3376 duodecin

94 3416 235 3490 Restm
249 3411 443 3473 Psoioum
461 3417 588 3491 omittas;
604 3433 700 3475 mense
715 3413 869 3475 Nouembri
888 3415 935 3472 ubi
954 3411 1013 3471 hedi
1030 3430 1111 3489 quocr

93 3505 178 3565 modo
190 3507 374 3582 ascribuntur,
393 3505 509 3583 decem3
528 3508 614 3569 lrabes
629 3509 752 3584 triginta,
768 3508 814 3565 uel
831 3509 943 3584 triginta
963 3525 1058 3570 uuum.
1090 3503 1111 3560 V

92 3601 193 3660 lacuna
211 3600 354 3658 marmoris
373 3599 547 3659 occultantur
573 3601 633 3659 dies
651 3601 804 3659 Floralium
823 3600 923 3677 reliqui
942 3602 999 3657 t'res
1019 3608 1048 3656 et
1067 3596 1111 3655 lud

93 3694 280 3766 Plebeiornm,
299 3690 434 3769 siquidem
453 3692 584 3753 credibile
602 3703 645 3754 est
663 3712 712 3755 eos
730 3695 894 3771 incoepisse,
915 3692 955 3753 uti
973 3692 1111 3770 Apollines

92 3787 250 3858 Romanos,
270 3804 287 3843 a
304 3784 377 3862 prid.
396 3784 485 3861 Nom,
511 3787 592 3863 primi
617 3788 684 3848 duo.
722 3789 828 3847 Eorum
854 3785 961 3845 dierum
986 3796 1107 3863 quatuor

91 3876 179 3965 fastos
198 3879 245 3936 uel
263 3878 412 3937 comitiales
427 3879 594 3954 existimare,
614 3883 654 3941 uti
668 3881 786 3960 posthac
799 3879 953 3956 intelligesz¹
973 3879 1021 3957 qui
1039 3877 1111 3937 addit

91 3971 407 4050 perietibusnumerum
424 3973 574 4034 conficiunt
599 3975 712 4052 triginta
736 3973 924 4053 quinqueuel
944 3980 1082 4051 quatuor,
1110 4001 1111 4015 κ

91 4064 257 4124 Suetonium
275 4063 417 4136 indicasse,
435 4065 557 4144 capua
569 4069 685 4144 teipirtto
699 4087 761 4126 cnm
778 4067 855 4138 dixit,
875 4066 968 4127 credo.
994 4065 1111 4134 Quartus

90 4157 254 4232 motuum,
272 4175 346 4235 qnae
363 4167 428 4217 sunt
440 4159 720 4238 KalendaeApriles,
738 4177 852 4219 necessa
866 4169 909 4219 est
922 4158 973 4218 NP
985 4158 1111 4234 signatus
