2550 4574
137 221 312 303 omnum
620 250 664 299 oa
685 250 760 301 nmo

136 404 210 484 dari,
227 425 293 467 narn
310 403 442 465 munna
458 420 505 467 ma
524 400 659 480 destituit,
678 403 731 463 cfr.
751 411 844 463 tamen
862 400 944 480 virg,
959 401 1030 463 Aen.
1045 401 1161 479 4,,638.
1192 399 1238 463 De

138 502 314 579 Clymeno
333 501 366 575 6,
384 498 440 558 751
461 496 526 557 uida
542 515 628 576 supra
646 517 677 578 p.
691 514 792 557 ccxnrr
814 506 844 556 et
863 496 1015 557 Heinsinm.

63 623 69 633 1
127 657 129 663 ,
212 594 371 653 Liberum
391 599 499 671 patrem
512 589 738 670 quandoquidem
750 598 972 649 consentaneum
986 599 1030 649 est
1048 588 1115 649 olim
1133 607 1237 651 numen

136 689 281 771 proprium
300 683 396 757 fuisse,
415 684 444 742 in
466 695 522 743 tam
537 684 640 743 difficili
660 684 776 743 nominis
795 683 979 761 originatioae
995 683 1096 759 multo,
1116 683 1168 742 nisi
1183 683 1238 742 fal·

137 783 192 857 lor,
210 788 335 859 praestat
353 779 509 839 Varronem
527 778 564 837 ir.
576 777 625 853 15,
644 778 696 836 cir.
715 780 832 855 August.
852 776 925 838 cd.
943 780 974 852 6,
992 781 1024 854 9,
1042 776 1134 854 sequi,
1153 796 1239 857 quara

117 874 328 955 ‚Clanmoium
353 871 444 949 quisi
463 881 539 931 recte
557 868 685 945 λείβειν,
709 863 821 948 λοιβὴν
840 871 966 931 adhibuit
982 890 1013 951 p.
1030 871 1106 945 tna,
1130 871 1239 949 reliqua

34 966 37 975 '
136 976 212 1027 certe
236 964 348 1025 mirifice
374 966 560 1032 conturbauit.
604 966 702 1043 ltaque
726 964 763 1024 tle
785 966 896 1025 nomiae
920 965 1013 1026 fateor
1039 964 1239 1043 ignorantiam,

136 1058 222 1119 &um
245 1058 379 1119 seminum
404 1058 592 1137 cuiuscunque
616 1058 693 1118 morli
717 1068 747 1118 et
771 1059 941 1118 fascinorum
967 1068 1130 1137 potentem,
1152 1068 1239 1137 prout

54 1174 63 1231 g
136 1152 172 1215 ir.
187 1153 224 1211 15
245 1161 373 1225 testatur,
393 1160 423 1210 et
435 1151 597 1211 Latinorum
617 1151 730 1231 quidem
749 1152 832 1212 deum
851 1172 983 1231 agnosco.
1015 1154 1124 1211 Harum
1141 1152 1238 1211 rmum

136 1257 236 1306 neutra
260 1244 343 1321 longe
366 1245 463 1304 aberat
488 1265 507 1304 a
533 1245 637 1305 Bacchi
662 1246 794 1325 proximis
815 1247 843 1305 in
868 1245 1023 1324 Campania
1046 1246 1238 1322 religionibus.

21 1360 24 1365 ·
111 1417 114 1421 ¹
136 1339 238 1399 Vinum
258 1336 333 1415 quod
352 1337 443 1395 Varro
469 1338 577 1416 scripsit
595 1338 800 1416 quodammodo
825 1339 1011 1418 principatum
1033 1337 1176 1397 fructuum
1196 1347 1240 1398 te·

136 1450 215 1508 nere,
235 1431 302 1489 nibil
321 1430 374 1488 nisi
393 1431 452 1489 eius
470 1430 660 1509 interpretatio
680 1433 805 1491 uideturr
833 1433 944 1491 minime
963 1431 1037 1490 enim
1055 1439 1166 1491 constat
1184 1449 1241 1491 ue-

136 1535 210 1585 teres
228 1522 344 1582 Latinos
363 1524 403 1582 ita
423 1524 576 1599 iudicasse,
590 1525 653 1604 *qui
666 1524 762 1583 leuem
782 1526 875 1602 potius
894 1524 1051 1585 uindemiae
1068 1520 1240 1602 praefecisse

135 1617 265 1678 uidentur
284 1626 405 1677 testante
424 1618 550 1677 Varrone
569 1616 606 1676 de
626 1613 648 1677 l.
663 1615 684 1676 1.·
702 1619 783 1688 6,16
803 1627 832 1679 et
849 1617 947 1676 sabula
965 1619 1013 1677 illa
1031 1615 1239 1690 deMeaeatio,

136 1712 202 1791 nipe
219 1729 304 1790 supra
322 1728 510 1789 p.nxxx111.
547 1709 662 1769 Memini
685 1709 722 1769 de
747 1709 801 1769 hac
819 1728 851 1769 re
869 1712 972 1770 alicubi
994 1713 1024 1771 in
1040 1728 1139 1771 museo
1160 1710 1240 1771 Rbe-

135 1824 210 1869 nano
234 1804 375 1883 disputare
399 1802 560 1862 Conradurn
584 1803 814 1879 schematum,
840 1806 992 1884 incorrupti
1017 1804 1110 1865 iudicii
1133 1805 1238 1865 uirum.

135 1898 195 1963 Sed
217 1907 311 1958 tamea
335 1913 449 1973 graecas
473 1896 635 1956 cerimonias
659 1896 714 1955 bac
737 1901 819 1975 parte
845 1897 882 1957 ad
901 1899 1017 1959 rusticos
1034 1897 1152 1957 Latium
1171 1917 1239 1978 per·

135 1993 246 2053 uenisse
265 1998 402 2074 nonem,
426 1989 492 2068 quin
513 1990 628 2067 Virgilio
654 1987 683 2050 et
701 1991 819 2049 Horatio
838 1991 978 2067 credatur.
1016 1991 1143 2051 Alterum
1162 2011 1239 2071 qno-

135 2105 192 2165 que
217 2085 254 2145 de
278 2085 426 2143 seminibus
453 2085 611 2147 animalium
631 2084 771 2144 Bacchum
797 2085 928 2160 attraxit,
954 2103 1037 2164 quem
1056 2084 1240 2163 Neapolitani

35 2212 39 2225 ·
135 2189 206 2241 teste
224 2180 366 2238 Macrobio
386 2188 440 2238 sat.
462 2185 489 2250 l,
500 2182 538 2239 18
556 2180 718 2239 aduenerati
736 2188 802 2237 sont
813 2170 961 2254 Ἥβωνος
980 2179 1158 2256 cognomine3
1186 2197 1241 2240 nte-1

136 2292 192 2352 que
212 2272 308 2332 dubito
327 2291 362 2332 eo
387 2273 493 2333 referre
514 2272 625 2347 Oscae,
651 2283 789 2349 utputo,
812 2273 923 2350 linguae
942 2274 1108 2333 uocabulum
1127 2271 1238 2349 lrquui-

134 2365 220 2425 tallus
238 2366 297 2424 siue
315 2367 475 2444 irqoitullos
492 2365 569 2444 apud
582 2365 664 2425 Paul.
679 2366 771 2437 Diam,
790 2365 866 2443 quod
883 2367 1019 2445 significat
1037 2384 1139 2445 pueros
1157 2383 1238 2442 τρα-

135 2456 289 2545 pllosruc,
310 2461 449 2535 pubertati
468 2461 618 2538 proximos.
658 2460 785 2538 Vtraque
803 2461 885 2520 etiam
906 2460 1052 2539 prouincia
1069 2459 1174 2517 Libero
1193 2469 1238 2517 at·

77 2597 79 2601 Α
135 2553 239 2611 tributa
258 2559 301 2609 est
318 2552 348 2608 in
374 2554 459 2611 sacris
478 2553 593 2628 publicio
613 2553 687 2610 urbis
706 2554 824 2612 Romae.
861 2554 958 2613 Ferias
978 2562 1008 2612 et
1031 2554 1165 2630 templum
1186 2571 1239 2610 na·

136 2655 196 2704 ctus
216 2652 258 2702 est
277 2662 351 2704 anno
370 2645 406 2702 V.
422 2645 456 2703 C.
476 2649 534 2703 260
554 2663 608 2703 una
628 2664 690 2703 cum
707 2647 811 2705 Cerere
830 2658 946 2726 propter
965 2665 1095 2705 annonae
1115 2646 1239 2705 difficul-

13 2729 21 2753 ”
135 2748 239 2799 tatem:
263 2756 299 2796 ex
313 2738 453 2796 librorum
473 2738 583 2815 quidem
602 2738 801 2815 Sibyllinorum
820 2742 946 2816 monitu,
968 2739 1019 2801 sed
1037 2741 1100 2818 quis
1119 2739 1237 2800 credere

135 2833 202 2892 uelit
225 2832 316 2908 graeci
341 2831 386 2891 dci
411 2848 498 2908 usque
521 2849 556 2890 eo
582 2831 668 2909 ignoti
692 2851 793 2893 nomen
811 2829 941 2894 Avoiov
965 2843 1015 2891 aut
1029 2826 1238 2911 Ἐλευθερέως

133 2941 201 2989 tunc
219 2926 383 2985 translatum
402 2932 431 2982 et
450 2923 635 2985 introductum
653 2923 762 2986 fuisse?
782 2927 889 2986 accedit
907 2927 1141 3006 quotlDionysius
1155 2931 1237 3000 6,17

133 3032 163 3083 et
179 3023 222 3101 44,
241 3039 303 3078 cum
323 3020 364 3078 bis
382 3017 513 3094 templum
533 3037 617 3077 unum
636 3029 665 3080 et
684 3021 726 3079 bis
744 3021 847 3098 templo
863 3019 1040 3105 facta'dicit,
1065 3040 1100 3080 ea
1119 3020 1235 3100 quidem

133 3135 179 3175 res
203 3115 304 3174 rectius
327 3112 448 3189 exlegis
469 3112 603 3172 Horatiae
626 3115 717 3172 uerbis
740 3115 816 3193 apud
834 3115 944 3174 Liuium
964 3119 994 3189 3,
1013 3115 1060 3187 55,
1087 3133 1173 3192 quam
1200 3132 1237 3173 ex

132 3209 233 3270 Seruio
254 3209 291 3267 ad
310 3227 355 3285 ge.
376 3209 443 3282 1‚7
472 3205 616 3265 diiudicari
640 3207 768 3266 uideturr
794 3208 844 3267 sed
866 3209 890 3267 si
908 3209 973 3268 Xlll
991 3209 1038 3267 Kl'
1057 3208 1130 3279 Mai,
1144 3207 1236 3267 feriae

132 3302 246 3363 suerum
265 3301 375 3359 Cereris
394 3308 423 3359 et
441 3298 536 3359 Liberi
555 3308 674 3359 testante
691 3299 753 3359 lere
771 3299 875 3363 Ouidio
890 3307 919 3377 8,
933 3304 1002 3376 786,
1022 3320 1089 3378 ergo
1108 3300 1233 3359 xvth’

133 3392 219 3474 April.
239 3394 322 3451 solius
341 3392 435 3450 Liberi
453 3392 541 3452 seriae
560 3395 773 3472 consignantur,
791 3413 861 3473 quas
880 3396 1047 3452 recentiores
1066 3392 1161 3452 alteris
1184 3410 1235 3449 cur

131 3491 216 3551 luisse
236 3495 373 3564 paternus,
395 3485 459 3543 nibil
479 3496 522 3545 est
540 3503 659 3545 causae:
683 3505 784 3546 nomen
802 3507 870 3565 ergo
888 3487 941 3547 luit
961 3489 1105 3546 uetustius.
1145 3486 1232 3544 Hisce

130 3581 304 3656 Liberalibus
324 3578 494 3647 consuetudo
519 3578 574 3637 fuit
598 3597 700 3656 pueros
726 3580 872 3659 uesticipes
899 3590 965 3657 toga
986 3581 1058 3639 uirili
1079 3578 1233 3638 induendis

131 3694 203 3758 qnae
222 3671 369 3733 scamonia
388 3671 440 3730 etsi
458 3690 514 3755 aon
532 3671 655 3750 publica,
674 3671 804 3750 Propert.
818 3675 849 3747 b,
866 3680 898 3750 l,
910 3678 977 3750 128,
996 3673 1167 3733 sanctissima
1186 3681 1232 3731 to·

89 3778 95 3785 '
130 3789 195 3833 men
212 3768 266 3826 fuit
284 3774 313 3826 et
330 3764 514 3825 uetustissima
533 3775 563 3823 et
581 3784 644 3833 cum
663 3764 737 3824 louis
758 3765 908 3845 Capitolini
925 3768 1062 3843 sacrificio
1080 3765 1232 3824 coniuncta

131 3866 204 3925 reite
216 3860 317 3920 Seruio
337 3857 374 3918 ad
392 3859 444 3918 ecl.
459 3861 490 3934 t,
501 3858 549 3918 60.
588 3859 665 3928 Quin
684 3858 756 3919 adeo
774 3861 850 3938 quod
870 3860 989 3922 Ouidius
1009 3866 1040 3937 8,
1052 3861 1110 3921 785
1129 3857 1167 3916 de
1185 3858 1231 3916 lu-

131 3958 174 4019 dis
192 3952 311 4014 antebac
328 3969 363 4011 eo
382 3950 428 4011 ‹lie
454 3951 534 4011 factis
559 3969 591 4012 se
615 3955 781 4031 comperisse
804 3956 930 4034 scripsit,
956 3956 1023 4014 nihil
1049 3951 1124 4011 aliud
1142 3960 1232 4026 puta·

130 4052 228 4121 uerim,
247 4064 330 4126 quam
349 4046 509 4129 memoriam
526 4046 656 4125 publicae
675 4047 790 4107 alicuius
802 4049 972 4122 ‘celebritatis
992 4049 1057 4107 olim
1076 4046 1230 4116 institutae,

130 4167 194 4208 curn
215 4157 307 4221 neque
326 4138 382 4198 bini
405 4136 464 4201 ludi
482 4138 590 4201 tantulo
609 4140 774 4219 interuallo,
802 4152 895 4222 neque
912 4141 1035 4224 priorum
1054 4141 1084 4201 in
1102 4156 1229 4201 mensem
