<?xml version="1.0" encoding="UTF-8"?>
<!DOCTYPE html PUBLIC "-//W3C//DTD XHTML 1.0 Transitional//EN"
    "http://www.w3.org/TR/xhtml1/DTD/xhtml1-transitional.dtd">
<html xmlns="http://www.w3.org/1999/xhtml" xml:lang="en" lang="en">
 <head>
  <title>
</title>
<meta http-equiv="Content-Type" content="text/html;charset=utf-8" />
  <meta name='ocr-system' content='tesseract 3.04.00' />
  <meta name='ocr-capabilities' content='ocr_page ocr_carea ocr_par ocr_line ocrx_word'/>
</head>
<body>
  <div class='ocr_page' id='page_1' title='image "./fastorumlibrise01ovidgoog_0168.png"; bbox 0 0 2550 4574; ppageno 0'>
   <div class='ocr_carea' id='block_1_1' title="bbox 145 245 921 329">
    <p class='ocr_par' dir='ltr' id='par_1_1' title="bbox 145 245 921 329">
     <span class='ocr_line' id='line_1_1' title="bbox 145 245 921 329; baseline -0.003 -3"><span class='ocrx_word' id='word_1_1' title='bbox 145 245 246 329; x_wconf 68' lang='lat' dir='ltr'><strong>enirn</strong></span> <span class='ocrx_word' id='word_1_2' title='bbox 462 274 558 324; x_wconf 87' lang='lat' dir='ltr'><strong>vnnn.</strong></span> <span class='ocrx_word' id='word_1_3' title='bbox 580 276 718 326; x_wconf 82' lang='lat' dir='ltr'><strong>nro.u1u</strong></span> <span class='ocrx_word' id='word_1_4' title='bbox 751 279 795 326; x_wconf 85' lang='lat' dir='ltr'><strong>nn</strong></span> <span class='ocrx_word' id='word_1_5' title='bbox 817 274 921 326; x_wconf 83' lang='lat' dir='ltr'><strong>renus</strong></span> 
     </span>
    </p>
   </div>
   <div class='ocr_carea' id='block_1_2' title="bbox 72 424 1242 2188">
    <p class='ocr_par' dir='ltr' id='par_1_2' title="bbox 72 424 1242 2188">
     <span class='ocr_line' id='line_1_2' title="bbox 143 424 1240 508; baseline 0 -15"><span class='ocrx_word' id='word_1_6' title='bbox 143 430 210 493; x_wconf 82' lang='lat' dir='ltr'><strong>milri</strong></span> <span class='ocrx_word' id='word_1_7' title='bbox 233 428 302 488; x_wconf 77' lang='lat' dir='ltr'><strong>neit</strong></span> <span class='ocrx_word' id='word_1_8' title='bbox 320 424 456 488; x_wconf 75' lang='lat' dir='ltr'><strong>Arnobius</strong></span> <span class='ocrx_word' id='word_1_9' title='bbox 471 430 504 504; x_wconf 75' lang='lat'><strong>7,</strong></span> <span class='ocrx_word' id='word_1_10' title='bbox 518 433 573 488; x_wconf 72' lang='lat'><strong>222</strong></span> <span class='ocrx_word' id='word_1_11' title='bbox 604 429 725 505; x_wconf 67' lang='lat' dir='ltr'><strong>Nisei,</strong></span> <span class='ocrx_word' id='word_1_12' title='bbox 749 432 894 508; x_wconf 71' lang='lat' dir='ltr'><strong>aqueus,</strong></span> <span class='ocrx_word' id='word_1_13' title='bbox 917 431 1003 490; x_wconf 73' lang='lat' dir='ltr'><strong>nonu</strong></span> <span class='ocrx_word' id='word_1_14' title='bbox 1021 428 1116 506; x_wconf 73' lang='lat' dir='ltr'><strong>amose</strong></span> <span class='ocrx_word' id='word_1_15' title='bbox 1136 431 1240 493; x_wconf 73' lang='lat' dir='ltr'><strong>aotam</strong></span> 
     </span>
     <span class='ocr_line' id='line_1_3' title="bbox 143 521 1239 602; baseline -0.001 -15"><span class='ocrx_word' id='word_1_16' title='bbox 143 522 859 600; x_wconf 61' lang='lat' dir='ltr'><strong>hummafmn,-nooffliuri9rusidos</strong></span> <span class='ocrx_word' id='word_1_17' title='bbox 882 530 964 602; x_wconf 84' lang='lat' dir='ltr'><strong>utque</strong></span> <span class='ocrx_word' id='word_1_18' title='bbox 987 521 1239 599; x_wconf 63' lang='lat' dir='ltr'><strong>sinuatione</strong></span> 
     </span>
     <span class='ocr_line' id='line_1_4' title="bbox 142 615 1240 696; baseline -0.005 -14"><span class='ocrx_word' id='word_1_19' title='bbox 142 615 415 692; x_wconf 74' lang='lat' dir='ltr'><strong>mfoeu‘snditotia</strong></span> <span class='ocrx_word' id='word_1_20' title='bbox 436 619 636 695; x_wconf 72' lang='lat' dir='ltr'><strong>ipsae-n</strong></span> <span class='ocrx_word' id='word_1_21' title='bbox 660 616 1037 696; x_wconf 71' lang='lat' dir='ltr'><strong>quodlellussstnroter,</strong></span> <span class='ocrx_word' id='word_1_22' title='bbox 1062 616 1240 678; x_wconf 71' lang='lat' dir='ltr'><strong>nonndea</strong></span> 
     </span>
     <span class='ocr_line' id='line_1_5' title="bbox 140 702 1238 792; baseline -0.005 -20"><span class='ocrx_word' id='word_1_23' title='bbox 140 711 271 792; x_wconf 75' lang='lat' dir='ltr'><strong>grauidis</strong></span> <span class='ocrx_word' id='word_1_24' title='bbox 288 708 447 788; x_wconf 68' lang='lat' dir='ltr'><strong>arripiendo</strong></span> <span class='ocrx_word' id='word_1_25' title='bbox 463 717 505 769; x_wconf 79' lang='lat' dir='ltr'><strong>ent</strong></span> <span class='ocrx_word' id='word_1_26' title='bbox 521 708 627 786; x_wconf 71' lang='lat' dir='ltr'><strong>saofia,</strong></span> <span class='ocrx_word' id='word_1_27' title='bbox 647 709 720 770; x_wconf 89' lang='lat' dir='ltr'><strong>adde</strong></span> <span class='ocrx_word' id='word_1_28' title='bbox 738 702 865 789; x_wconf 75' lang='lat' dir='ltr'><strong>quae&#39;de</strong></span> <span class='ocrx_word' id='word_1_29' title='bbox 883 711 982 771; x_wconf 86' lang='lat' dir='ltr'><strong>Numa.</strong></span> <span class='ocrx_word' id='word_1_30' title='bbox 996 709 1115 770; x_wconf 87' lang='lat' dir='ltr'><strong>Ouidius</strong></span> <span class='ocrx_word' id='word_1_31' title='bbox 1133 709 1238 784; x_wconf 77' lang='lat' dir='ltr'><strong>babet3</strong></span> 
     </span>
     <span class='ocr_line' id='line_1_6' title="bbox 142 802 1238 880; baseline -0.006 -11"><span class='ocrx_word' id='word_1_32' title='bbox 142 806 193 869; x_wconf 83' lang='lat' dir='ltr'><strong>sed</strong></span> <span class='ocrx_word' id='word_1_33' title='bbox 211 815 303 866; x_wconf 72' lang='lat' dir='ltr'><strong>umen</strong></span> <span class='ocrx_word' id='word_1_34' title='bbox 321 805 345 862; x_wconf 89' lang='lat' dir='ltr'><strong>si</strong></span> <span class='ocrx_word' id='word_1_35' title='bbox 363 805 437 863; x_wconf 87' lang='lat' dir='ltr'><strong>forte</strong></span> <span class='ocrx_word' id='word_1_36' title='bbox 454 805 501 862; x_wconf 92' lang='lat' dir='ltr'><strong>ille</strong></span> <span class='ocrx_word' id='word_1_37' title='bbox 518 805 578 863; x_wconf 83' lang='lat' dir='ltr'><strong>dies</strong></span> <span class='ocrx_word' id='word_1_38' title='bbox 598 803 719 864; x_wconf 68' lang='lat' dir='ltr'><strong>Telluris</strong></span> <span class='ocrx_word' id='word_1_39' title='bbox 734 803 842 864; x_wconf 74' lang='lat' dir='ltr'><strong>uuus</strong></span> <span class='ocrx_word' id='word_1_40' title='bbox 855 804 969 864; x_wconf 68' lang='lat' dir='ltr'><strong>habitos</strong></span> <span class='ocrx_word' id='word_1_41' title='bbox 986 815 1039 880; x_wconf 88' lang='lat' dir='ltr'><strong>est,</strong></span> <span class='ocrx_word' id='word_1_42' title='bbox 1057 802 1117 863; x_wconf 81' lang='lat' dir='ltr'><strong>uid</strong></span> <span class='ocrx_word' id='word_1_43' title='bbox 1131 803 1238 862; x_wconf 64' lang='lat' dir='ltr'><strong>Arnobt</strong></span> 
     </span>
     <span class='ocr_line' id='line_1_7' title="bbox 142 896 1240 980; baseline -0.005 -20"><span class='ocrx_word' id='word_1_44' title='bbox 142 904 174 980; x_wconf 85' lang='grc'><strong>7,</strong></span> <span class='ocrx_word' id='word_1_45' title='bbox 189 906 238 976; x_wconf 93' lang='grc'><strong>32,</strong></span> <span class='ocrx_word' id='word_1_46' title='bbox 257 908 289 958; x_wconf 88' lang='lat' dir='ltr'><strong>ut</strong></span> <span class='ocrx_word' id='word_1_47' title='bbox 307 898 498 977; x_wconf 69' lang='lat' dir='ltr'><strong>Quinquatrus</strong></span> <span class='ocrx_word' id='word_1_48' title='bbox 512 896 665 975; x_wconf 83' lang='lat' dir='ltr'><strong>Mineruae,</strong></span> <span class='ocrx_word' id='word_1_49' title='bbox 685 896 783 957; x_wconf 89' lang='lat' dir='ltr'><strong>aedem</strong></span> <span class='ocrx_word' id='word_1_50' title='bbox 800 898 921 958; x_wconf 86' lang='lat' dir='ltr'><strong>Telluris</strong></span> <span class='ocrx_word' id='word_1_51' title='bbox 939 901 1057 978; x_wconf 87' lang='lat' dir='ltr'><strong>primam</strong></span> <span class='ocrx_word' id='word_1_52' title='bbox 1076 896 1240 976; x_wconf 84' lang='lat' dir='ltr'><strong>paulopost</strong></span> 
     </span>
     <span class='ocr_line' id='line_1_8' title="bbox 142 991 1238 1075; baseline -0.007 -19"><span class='ocrx_word' id='word_1_53' title='bbox 142 995 196 1075; x_wconf 84' lang='lat' dir='ltr'><strong>Sp.</strong></span> <span class='ocrx_word' id='word_1_54' title='bbox 215 994 304 1054; x_wconf 85' lang='lat' dir='ltr'><strong>Cassii</strong></span> <span class='ocrx_word' id='word_1_55' title='bbox 329 991 589 1051; x_wconf 86' lang='lat' dir='ltr'><strong>eundemnatiouern</strong></span> <span class='ocrx_word' id='word_1_56' title='bbox 613 991 717 1052; x_wconf 78' lang='lat' dir='ltr'><strong>factam</strong></span> <span class='ocrx_word' id='word_1_57' title='bbox 740 991 856 1052; x_wconf 87' lang='lat' dir='ltr'><strong>tradunt</strong></span> <span class='ocrx_word' id='word_1_58' title='bbox 880 993 1026 1070; x_wconf 82' lang='lat' dir='ltr'><strong>Dionysius</strong></span> <span class='ocrx_word' id='word_1_59' title='bbox 1055 992 1118 1051; x_wconf 86' lang='lat' dir='ltr'><strong>Hal.</strong></span> <span class='ocrx_word' id='word_1_60' title='bbox 1138 995 1169 1066; x_wconf 84' lang='lat'><strong>8,</strong></span> <span class='ocrx_word' id='word_1_61' title='bbox 1187 992 1238 1066; x_wconf 80' lang='lat'><strong>79,</strong></span> 
     </span>
     <span class='ocr_line' id='line_1_9' title="bbox 141 1085 1238 1160; baseline -0.005 -10"><span class='ocrx_word' id='word_1_62' title='bbox 141 1088 238 1150; x_wconf 71' lang='lat' dir='ltr'><strong>Valer.</strong></span> <span class='ocrx_word' id='word_1_63' title='bbox 256 1086 332 1145; x_wconf 85' lang='lat' dir='ltr'><strong>Max.</strong></span> <span class='ocrx_word' id='word_1_64' title='bbox 351 1088 432 1160; x_wconf 88' lang='grc'><strong>6,.3,</strong></span> <span class='ocrx_word' id='word_1_65' title='bbox 450 1090 482 1144; x_wconf 89' lang='grc'><strong>2.</strong></span> <span class='ocrx_word' id='word_1_66' title='bbox 527 1085 668 1144; x_wconf 75' lang='lat' dir='ltr'>Liberalia</span> <span class='ocrx_word' id='word_1_67' title='bbox 692 1104 762 1144; x_wconf 90' lang='lat' dir='ltr'><strong>uero</strong></span> <span class='ocrx_word' id='word_1_68' title='bbox 786 1094 815 1144; x_wconf 91' lang='lat' dir='ltr'><strong>et</strong></span> <span class='ocrx_word' id='word_1_69' title='bbox 839 1086 967 1145; x_wconf 77' lang='lat' dir='ltr'>Cerealia</span> <span class='ocrx_word' id='word_1_70' title='bbox 995 1085 1152 1145; x_wconf 82' lang='lat' dir='ltr'><strong>introducta</strong></span> <span class='ocrx_word' id='word_1_71' title='bbox 1177 1103 1238 1144; x_wconf 90' lang='lat' dir='ltr'><strong>esse</strong></span> 
     </span>
     <span class='ocr_line' id='line_1_10' title="bbox 140 1177 1242 1263; baseline -0.003 -23"><span class='ocrx_word' id='word_1_72' title='bbox 140 1191 207 1263; x_wconf 86' lang='lat' dir='ltr'><strong>post</strong></span> <span class='ocrx_word' id='word_1_73' title='bbox 224 1177 328 1258; x_wconf 88' lang='lat' dir='ltr'><strong>templa</strong></span> <span class='ocrx_word' id='word_1_74' title='bbox 345 1179 439 1237; x_wconf 87' lang='lat' dir='ltr'><strong>Liberi</strong></span> <span class='ocrx_word' id='word_1_75' title='bbox 456 1187 488 1237; x_wconf 87' lang='lat' dir='ltr'><strong>et</strong></span> <span class='ocrx_word' id='word_1_76' title='bbox 505 1179 615 1239; x_wconf 85' lang='lat' dir='ltr'><strong>Cereris</strong></span> <span class='ocrx_word' id='word_1_77' title='bbox 635 1197 653 1238; x_wconf 89' lang='lat' dir='ltr'><strong>a</strong></span> <span class='ocrx_word' id='word_1_78' title='bbox 670 1179 821 1238; x_wconf 80' lang='lat' dir='ltr'><strong>Postumio</strong></span> <span class='ocrx_word' id='word_1_79' title='bbox 832 1196 905 1238; x_wconf 89' lang='lat' dir='ltr'><strong>anno</strong></span> <span class='ocrx_word' id='word_1_80' title='bbox 925 1181 963 1238; x_wconf 87' lang='lat' dir='ltr'><strong>V.</strong></span> <span class='ocrx_word' id='word_1_81' title='bbox 981 1180 1015 1239; x_wconf 85' lang='lat' dir='ltr'><strong>C.</strong></span> <span class='ocrx_word' id='word_1_82' title='bbox 1035 1182 1096 1237; x_wconf 94' lang='grc'><strong>260</strong></span> <span class='ocrx_word' id='word_1_83' title='bbox 1112 1178 1242 1258; x_wconf 82' lang='lat' dir='ltr'><strong>dedicata</strong></span> 
     </span>
     <span class='ocr_line' id='line_1_11' title="bbox 141 1263 1238 1350; baseline -0.003 -17"><span class='ocrx_word' id='word_1_84' title='bbox 141 1274 253 1333; x_wconf 88' lang='lat' dir='ltr'><strong>uidetur</strong></span> <span class='ocrx_word' id='word_1_85' title='bbox 269 1272 453 1350; x_wconf 85' lang='lat' dir='ltr'><strong>assignifieare</strong></span> <span class='ocrx_word' id='word_1_86' title='bbox 470 1271 615 1348; x_wconf 79' lang='lat' dir='ltr'><strong>Dionysius</strong></span> <span class='ocrx_word' id='word_1_87' title='bbox 635 1275 732 1345; x_wconf 79' lang='lat' dir='ltr'><strong>6,1&#39;le</strong></span> <span class='ocrx_word' id='word_1_88' title='bbox 760 1263 881 1350; x_wconf 74' lang='grc' dir='ltr'><em>ἀγῶνάς</em></span> <span class='ocrx_word' id='word_1_89' title='bbox 907 1290 940 1331; x_wconf 81' lang='grc' dir='ltr'><strong>τε</strong></span> <span class='ocrx_word' id='word_1_90' title='bbox 964 1269 1015 1331; x_wconf 80' lang='grc' dir='ltr'><strong>καὶ</strong></span> <span class='ocrx_word' id='word_1_91' title='bbox 1039 1268 1155 1343; x_wconf 66' lang='grc' dir='ltr'><strong><em>θυσίας</em></strong></span> <span class='ocrx_word' id='word_1_92' title='bbox 1172 1275 1238 1342; x_wconf 82' lang='grc' dir='ltr'><strong><em>ταῖς</em></strong></span> 
     </span>
     <span class='ocr_line' id='line_1_12' title="bbox 140 1355 1238 1443; baseline -0.002 -15"><span class='ocrx_word' id='word_1_93' title='bbox 140 1366 231 1437; x_wconf 74' lang='grc' dir='ltr'><strong><em>θεοῖς</em></strong></span> <span class='ocrx_word' id='word_1_94' title='bbox 249 1359 310 1426; x_wconf 71' lang='lat' dir='ltr'><strong>aaa</strong></span> <span class='ocrx_word' id='word_1_95' title='bbox 331 1355 557 1443; x_wconf 67' lang='lat' dir='ltr'><strong>erumpentum</strong></span> <span class='ocrx_word' id='word_1_96' title='bbox 571 1359 731 1425; x_wconf 66' lang='grc' dir='ltr'><strong>ταλάντων</strong></span> <span class='ocrx_word' id='word_1_97' title='bbox 749 1360 857 1440; x_wconf 73' lang='lat' dir='ltr'><strong>duoles,</strong></span> <span class='ocrx_word' id='word_1_98' title='bbox 875 1363 926 1424; x_wconf 80' lang='grc' dir='ltr'><strong>καὶ</strong></span> <span class='ocrx_word' id='word_1_99' title='bbox 945 1366 1027 1426; x_wconf 77' lang='grc' dir='ltr'><strong><em>ναῶν</em></strong></span> <span class='ocrx_word' id='word_1_100' title='bbox 1046 1360 1238 1438; x_wconf 75' lang='grc' dir='ltr'><strong><em>κατασκευὰς</em></strong></span> 
     </span>
     <span class='ocr_line' id='line_1_13' title="bbox 140 1450 1238 1540; baseline -0.001 -20"><span class='ocrx_word' id='word_1_101' title='bbox 140 1455 331 1537; x_wconf 64' lang='grc' dir='ltr'><strong><em>ἔξεμίσθωαε</em></strong></span> <span class='ocrx_word' id='word_1_102' title='bbox 355 1450 502 1537; x_wconf 61' lang='grc' dir='ltr'><strong>Δήμητρι</strong></span> <span class='ocrx_word' id='word_1_103' title='bbox 528 1454 579 1518; x_wconf 77' lang='grc' dir='ltr'><strong>καὶ</strong></span> <span class='ocrx_word' id='word_1_104' title='bbox 602 1451 748 1540; x_wconf 77' lang='grc' dir='ltr'><em>Διονύσῳ</em></span> <span class='ocrx_word' id='word_1_105' title='bbox 774 1456 830 1519; x_wconf 76' lang='lat' dir='ltr'><strong>aul·</strong></span> <span class='ocrx_word' id='word_1_106' title='bbox 851 1453 943 1540; x_wconf 80' lang='grc' dir='ltr'><strong><em>Κόρῃ</em></strong></span> <span class='ocrx_word' id='word_1_107' title='bbox 970 1453 1041 1520; x_wconf 79' lang='grc' dir='ltr'><strong>κατ’</strong></span> <span class='ocrx_word' id='word_1_108' title='bbox 1068 1454 1170 1538; x_wconf 73' lang='grc' dir='ltr'><strong>εὐχήν.</strong></span> <span class='ocrx_word' id='word_1_109' title='bbox 1197 1491 1238 1507; x_wconf 89' lang='grc'>-</span> 
     </span>
     <span class='ocr_line' id='line_1_14' title="bbox 140 1544 1237 1634; baseline -0.002 -20"><span class='ocrx_word' id='word_1_110' title='bbox 140 1545 235 1630; x_wconf 74' lang='grc' dir='ltr'><strong>εὕχὰς</strong></span> <span class='ocrx_word' id='word_1_111' title='bbox 246 1586 286 1602; x_wconf 90' lang='grc'>-</span> <span class='ocrx_word' id='word_1_112' title='bbox 300 1544 466 1631; x_wconf 74' lang='grc' dir='ltr'><strong><em>ἐποιήσατο</em></strong></span> <span class='ocrx_word' id='word_1_113' title='bbox 479 1589 517 1600; x_wconf 90' lang='grc'>-</span> <span class='ocrx_word' id='word_1_114' title='bbox 536 1545 631 1625; x_wconf 72' lang='grc' dir='ltr'><strong><em>ναούς</em></strong></span> <span class='ocrx_word' id='word_1_115' title='bbox 649 1573 682 1614; x_wconf 84' lang='grc' dir='ltr'><strong>τε</strong></span> <span class='ocrx_word' id='word_1_116' title='bbox 701 1547 807 1624; x_wconf 77' lang='grc' dir='ltr'><strong><em>αὐτοῖς</em></strong></span> <span class='ocrx_word' id='word_1_117' title='bbox 825 1546 1075 1634; x_wconf 71' lang='grc' dir='ltr'><strong><em>καθιδρύσεσθαι</em></strong></span> <span class='ocrx_word' id='word_1_118' title='bbox 1094 1551 1145 1613; x_wconf 71' lang='grc' dir='ltr'><strong>καὶ</strong></span> <span class='ocrx_word' id='word_1_119' title='bbox 1163 1554 1237 1614; x_wconf 75' lang='lat' dir='ltr'><strong>do-</strong></span> 
     </span>
     <span class='ocr_line' id='line_1_15' title="bbox 140 1639 1237 1729; baseline -0.001 -21"><span class='ocrx_word' id='word_1_120' title='bbox 140 1645 225 1718; x_wconf 78' lang='grc' dir='ltr'><strong><em>σίας</em></strong></span> <span class='ocrx_word' id='word_1_121' title='bbox 243 1639 475 1724; x_wconf 61' lang='lat' dir='ltr'><strong>severiorque:</strong></span> <span class='ocrx_word' id='word_1_122' title='bbox 494 1640 586 1708; x_wconf 79' lang='grc' dir='ltr'><strong><em>καθ’</em></strong></span> <span class='ocrx_word' id='word_1_123' title='bbox 608 1641 746 1719; x_wconf 61' lang='lat' dir='ltr'><strong>fungor</strong></span> <span class='ocrx_word' id='word_1_124' title='bbox 766 1640 962 1708; x_wconf 75' lang='grc' dir='ltr'><strong>ἐνιαυτόν.</strong></span> <span class='ocrx_word' id='word_1_125' title='bbox 992 1648 1091 1708; x_wconf 70' lang='lat' dir='ltr'><strong>feriae</strong></span> <span class='ocrx_word' id='word_1_126' title='bbox 1109 1651 1237 1729; x_wconf 77' lang='lat' dir='ltr'><strong>publicae</strong></span> 
     </span>
     <span class='ocr_line' id='line_1_16' title="bbox 138 1741 1236 1822; baseline -0.001 -22"><span class='ocrx_word' id='word_1_127' title='bbox 138 1753 287 1822; x_wconf 88' lang='lat' dir='ltr'><strong>praeterea</strong></span> <span class='ocrx_word' id='word_1_128' title='bbox 305 1743 342 1800; x_wconf 87' lang='lat' dir='ltr'><strong>ad</strong></span> <span class='ocrx_word' id='word_1_129' title='bbox 361 1743 527 1820; x_wconf 90' lang='lat' dir='ltr'><strong>templorum</strong></span> <span class='ocrx_word' id='word_1_130' title='bbox 546 1744 670 1822; x_wconf 84' lang='lat' dir='ltr'><strong>publicas</strong></span> <span class='ocrx_word' id='word_1_131' title='bbox 689 1741 876 1801; x_wconf 77' lang='lat' dir='ltr'><strong>dedicationes</strong></span> <span class='ocrx_word' id='word_1_132' title='bbox 895 1742 1055 1801; x_wconf 87' lang='lat' dir='ltr'><strong>referuntur</strong></span> <span class='ocrx_word' id='word_1_133' title='bbox 1076 1745 1111 1801; x_wconf 90' lang='lat' dir='ltr'><strong>ab</strong></span> <span class='ocrx_word' id='word_1_134' title='bbox 1132 1743 1236 1802; x_wconf 86' lang='lat' dir='ltr'>Ouidio</span> 
     </span>
     <span class='ocr_line' id='line_1_17' title="bbox 139 1835 1236 1916; baseline -0.001 -21"><span class='ocrx_word' id='word_1_135' title='bbox 139 1835 326 1895; x_wconf 82' lang='lat' dir='ltr'><strong>Carmentalia</strong></span> <span class='ocrx_word' id='word_1_136' title='bbox 346 1842 375 1911; x_wconf 88' lang='lat' dir='ltr'><strong>l,</strong></span> <span class='ocrx_word' id='word_1_137' title='bbox 390 1838 446 1894; x_wconf 89' lang='grc'><strong>461</strong></span> <span class='ocrx_word' id='word_1_138' title='bbox 467 1837 531 1894; x_wconf 81' lang='lat' dir='ltr'><strong>coll.</strong></span> <span class='ocrx_word' id='word_1_139' title='bbox 551 1839 621 1912; x_wconf 83' lang='grc'><strong>463,</strong></span> <span class='ocrx_word' id='word_1_140' title='bbox 648 1836 806 1906; x_wconf 68' lang='lat' dir='ltr'><strong>‚Quirinalia</strong></span> <span class='ocrx_word' id='word_1_141' title='bbox 824 1840 855 1910; x_wconf 85' lang='lat'><strong>2,</strong></span> <span class='ocrx_word' id='word_1_142' title='bbox 867 1835 937 1912; x_wconf 80' lang='lat'><strong>507,</strong></span> <span class='ocrx_word' id='word_1_143' title='bbox 952 1838 1021 1912; x_wconf 75' lang='lat'><strong>508,</strong></span> <span class='ocrx_word' id='word_1_144' title='bbox 1045 1836 1236 1916; x_wconf 80' lang='lat' dir='ltr'><strong>Quinquatrus</strong></span> 
     </span>
     <span class='ocr_line' id='line_1_18' title="bbox 137 1930 1236 2008; baseline 0.004 -23"><span class='ocrx_word' id='word_1_145' title='bbox 137 1932 171 2003; x_wconf 82' lang='grc'><strong>3,</strong></span> <span class='ocrx_word' id='word_1_146' title='bbox 184 1931 253 2002; x_wconf 90' lang='grc'><strong>837,</strong></span> <span class='ocrx_word' id='word_1_147' title='bbox 265 1931 334 2004; x_wconf 88' lang='grc'><strong>838,</strong></span> <span class='ocrx_word' id='word_1_148' title='bbox 353 1930 417 1990; x_wconf 85' lang='lat' dir='ltr'><strong>coll.</strong></span> <span class='ocrx_word' id='word_1_149' title='bbox 438 1930 513 1988; x_wconf 82' lang='lat' dir='ltr'><strong>Fert.</strong></span> <span class='ocrx_word' id='word_1_150' title='bbox 533 1950 563 2008; x_wconf 88' lang='lat' dir='ltr'><strong>p.</strong></span> <span class='ocrx_word' id='word_1_151' title='bbox 577 1934 643 2002; x_wconf 82' lang='lat'><strong>2⁵7,</strong></span> <span class='ocrx_word' id='word_1_152' title='bbox 656 1933 675 1988; x_wconf 96' lang='grc'><strong>7</strong></span> <span class='ocrx_word' id='word_1_153' title='bbox 687 1930 752 2003; x_wconf 74' lang='lat' dir='ltr'><strong>sin,</strong></span> <span class='ocrx_word' id='word_1_154' title='bbox 772 1930 895 1988; x_wconf 81' lang='lat' dir='ltr'><strong>Vestalis</strong></span> <span class='ocrx_word' id='word_1_155' title='bbox 914 1933 944 2006; x_wconf 87' lang='grc'><strong>6,</strong></span> <span class='ocrx_word' id='word_1_156' title='bbox 958 1930 1113 2004; x_wconf 81' lang='grc'><strong>257-60,</strong></span> <span class='ocrx_word' id='word_1_157' title='bbox 1131 1931 1236 1989; x_wconf 89' lang='lat' dir='ltr'><strong>Matra-</strong></span> 
     </span>
     <span class='ocr_line' id='line_1_19' title="bbox 72 2019 1237 2103; baseline 0 -21"><span class='ocrx_word' id='word_1_158' title='bbox 72 2034 75 2039; x_wconf 81' lang='grc'><em>’</em></span> <span class='ocrx_word' id='word_1_159' title='bbox 138 2019 177 2082; x_wconf 81' lang='lat' dir='ltr'><strong>lta</strong></span> <span class='ocrx_word' id='word_1_160' title='bbox 195 2025 226 2096; x_wconf 91' lang='grc'><strong>6,</strong></span> <span class='ocrx_word' id='word_1_161' title='bbox 242 2026 300 2084; x_wconf 89' lang='grc'><strong>479</strong></span> <span class='ocrx_word' id='word_1_162' title='bbox 313 2041 368 2101; x_wconf 87' lang='lat' dir='ltr'><strong>sq,</strong></span> <span class='ocrx_word' id='word_1_163' title='bbox 396 2041 412 2082; x_wconf 92' lang='lat' dir='ltr'><strong>a</strong></span> <span class='ocrx_word' id='word_1_164' title='bbox 442 2022 566 2082; x_wconf 90' lang='lat' dir='ltr'><strong>Varrone</strong></span> <span class='ocrx_word' id='word_1_165' title='bbox 591 2023 708 2082; x_wconf 89' lang='lat' dir='ltr'><strong>fortasse</strong></span> <span class='ocrx_word' id='word_1_166' title='bbox 727 2022 886 2081; x_wconf 80' lang='lat' dir='ltr'><strong>Saturnalia</strong></span> <span class='ocrx_word' id='word_1_167' title='bbox 909 2042 996 2103; x_wconf 90' lang='lat' dir='ltr'><strong>supra</strong></span> <span class='ocrx_word' id='word_1_168' title='bbox 1020 2025 1066 2082; x_wconf 88' lang='lat' dir='ltr'><strong>lib.</strong></span> <span class='ocrx_word' id='word_1_169' title='bbox 1084 2042 1133 2098; x_wconf 82' lang='lat' dir='ltr'><strong>vn,</strong></span> <span class='ocrx_word' id='word_1_170' title='bbox 1151 2023 1188 2082; x_wconf 91' lang='lat' dir='ltr'><strong>fr.</strong></span> <span class='ocrx_word' id='word_1_171' title='bbox 1205 2027 1237 2098; x_wconf 95' lang='grc'><strong>7,</strong></span> 
     </span>
     <span class='ocr_line' id='line_1_20' title="bbox 138 2114 1236 2188; baseline 0 -14"><span class='ocrx_word' id='word_1_172' title='bbox 138 2123 216 2174; x_wconf 85' lang='lat' dir='ltr'><strong>oerte</strong></span> <span class='ocrx_word' id='word_1_173' title='bbox 234 2114 394 2174; x_wconf 88' lang='lat' dir='ltr'><strong>Portunalia</strong></span> <span class='ocrx_word' id='word_1_174' title='bbox 414 2126 442 2175; x_wconf 91' lang='lat' dir='ltr'><strong>et</strong></span> <span class='ocrx_word' id='word_1_175' title='bbox 461 2116 573 2176; x_wconf 87' lang='lat' dir='ltr'><strong>Vinalia</strong></span> <span class='ocrx_word' id='word_1_176' title='bbox 593 2117 693 2176; x_wconf 85' lang='lat' dir='ltr'><strong>rustica</strong></span> <span class='ocrx_word' id='word_1_177' title='bbox 712 2115 748 2174; x_wconf 92' lang='lat' dir='ltr'><strong>de</strong></span> <span class='ocrx_word' id='word_1_178' title='bbox 768 2116 787 2175; x_wconf 88' lang='grc' dir='ltr'><strong>Ι.</strong></span> <span class='ocrx_word' id='word_1_179' title='bbox 802 2117 823 2176; x_wconf 90' lang='grc' dir='ltr'><strong>Ι.</strong></span> <span class='ocrx_word' id='word_1_180' title='bbox 841 2119 870 2188; x_wconf 90' lang='grc'><strong>6,</strong></span> <span class='ocrx_word' id='word_1_181' title='bbox 884 2121 929 2188; x_wconf 86' lang='grc'><strong>10,</strong></span> <span class='ocrx_word' id='word_1_182' title='bbox 942 2121 989 2175; x_wconf 89' lang='grc'><strong>20.</strong></span> <span class='ocrx_word' id='word_1_183' title='bbox 1029 2117 1133 2175; x_wconf 81' lang='lat' dir='ltr'><strong>Earum</strong></span> <span class='ocrx_word' id='word_1_184' title='bbox 1151 2115 1236 2174; x_wconf 84' lang='lat' dir='ltr'><strong>feria-</strong></span> 
     </span>
    </p>
   </div>
   <div class='ocr_carea' id='block_1_3' title="bbox 13 2207 1236 2294">
    <p class='ocr_par' dir='ltr' id='par_1_3' title="bbox 13 2207 1236 2294">
     <span class='ocr_line' id='line_1_21' title="bbox 13 2207 1236 2294; baseline 0 -27"><span class='ocrx_word' id='word_1_185' title='bbox 13 2282 18 2291; x_wconf 21' lang='grc' dir='ltr'>ἱ</span> <span class='ocrx_word' id='word_1_186' title='bbox 132 2226 213 2294; x_wconf 63' lang='lat' dir='ltr'><strong>⁹rum,</strong></span> <span class='ocrx_word' id='word_1_187' title='bbox 232 2226 306 2287; x_wconf 88' lang='lat' dir='ltr'><strong>quae</strong></span> <span class='ocrx_word' id='word_1_188' title='bbox 319 2219 434 2285; x_wconf 88' lang='lat' dir='ltr'><strong>restant,</strong></span> <span class='ocrx_word' id='word_1_189' title='bbox 453 2212 525 2270; x_wconf 88' lang='lat' dir='ltr'><strong>aliae</strong></span> <span class='ocrx_word' id='word_1_190' title='bbox 542 2213 604 2290; x_wconf 87' lang='lat' dir='ltr'><strong>ipso</strong></span> <span class='ocrx_word' id='word_1_191' title='bbox 619 2210 730 2268; x_wconf 91' lang='lat' dir='ltr'><strong>nomine</strong></span> <span class='ocrx_word' id='word_1_192' title='bbox 746 2208 876 2286; x_wconf 82' lang='lat' dir='ltr'><strong>indicant,</strong></span> <span class='ocrx_word' id='word_1_193' title='bbox 895 2211 939 2267; x_wconf 88' lang='lat' dir='ltr'><strong>cui</strong></span> <span class='ocrx_word' id='word_1_194' title='bbox 957 2209 1009 2268; x_wconf 89' lang='lat' dir='ltr'><strong>deo</strong></span> <span class='ocrx_word' id='word_1_195' title='bbox 1029 2208 1153 2288; x_wconf 89' lang='lat' dir='ltr'><strong>agendae</strong></span> <span class='ocrx_word' id='word_1_196' title='bbox 1170 2207 1236 2267; x_wconf 92' lang='lat' dir='ltr'><strong>fue·</strong></span> 
     </span>
    </p>
   </div>
   <div class='ocr_carea' id='block_1_4' title="bbox 138 2303 1238 2476">
    <p class='ocr_par' dir='ltr' id='par_1_4' title="bbox 138 2303 1238 2476">
     <span class='ocr_line' id='line_1_22' title="bbox 138 2303 1236 2382; baseline 0 -22"><span class='ocrx_word' id='word_1_197' title='bbox 138 2303 211 2378; x_wconf 87' lang='lat' dir='ltr'><strong>rint,</strong></span> <span class='ocrx_word' id='word_1_198' title='bbox 231 2305 309 2362; x_wconf 92' lang='lat' dir='ltr'><strong>uelut</strong></span> <span class='ocrx_word' id='word_1_199' title='bbox 327 2304 511 2382; x_wconf 80' lang='lat' dir='ltr'><strong>Lupercalia,</strong></span> <span class='ocrx_word' id='word_1_200' title='bbox 531 2304 718 2378; x_wconf 76' lang='lat' dir='ltr'><strong>Terminalia,</strong></span> <span class='ocrx_word' id='word_1_201' title='bbox 736 2303 854 2378; x_wconf 81' lang='lat' dir='ltr'><strong>Parilia,</strong></span> <span class='ocrx_word' id='word_1_202' title='bbox 873 2303 1035 2380; x_wconf 80' lang='lat' dir='ltr'><strong>Robigalia,</strong></span> <span class='ocrx_word' id='word_1_203' title='bbox 1054 2303 1236 2381; x_wconf 83' lang='lat' dir='ltr'><strong>Neptunalia,</strong></span> 
     </span>
     <span class='ocr_line' id='line_1_23' title="bbox 138 2395 1238 2476; baseline 0 -23"><span class='ocrx_word' id='word_1_204' title='bbox 138 2395 313 2473; x_wconf 80' lang='lat' dir='ltr'><strong>Furriualia,</strong></span> <span class='ocrx_word' id='word_1_205' title='bbox 334 2397 500 2474; x_wconf 78' lang='lat' dir='ltr'><strong>Consualia,</strong></span> <span class='ocrx_word' id='word_1_206' title='bbox 519 2398 696 2471; x_wconf 87' lang='lat' dir='ltr'><strong>Voloanalia,</strong></span> <span class='ocrx_word' id='word_1_207' title='bbox 716 2396 911 2476; x_wconf 81' lang='lat' dir='ltr'><strong>Opiconsiuia,</strong></span> <span class='ocrx_word' id='word_1_208' title='bbox 931 2397 1119 2472; x_wconf 83' lang='lat' dir='ltr'><strong>Volturualia,</strong></span> <span class='ocrx_word' id='word_1_209' title='bbox 1137 2395 1238 2455; x_wconf 82' lang='lat' dir='ltr'><strong>Fonti-</strong></span> 
     </span>
    </p>
   </div>
   <div class='ocr_carea' id='block_1_5' title="bbox 13 2489 1238 2569">
    <p class='ocr_par' dir='ltr' id='par_1_5' title="bbox 13 2489 1238 2569">
     <span class='ocr_line' id='line_1_24' title="bbox 13 2489 1238 2569; baseline -0.001 -20"><span class='ocrx_word' id='word_1_210' title='bbox 13 2506 16 2511; x_wconf 88' lang='grc'><strong><em>·</em></strong></span> <span class='ocrx_word' id='word_1_211' title='bbox 138 2489 230 2567; x_wconf 79' lang='lat' dir='ltr'><strong>nulia,</strong></span> <span class='ocrx_word' id='word_1_212' title='bbox 250 2489 371 2569; x_wconf 87' lang='lat' dir='ltr'><strong>Opalia,</strong></span> <span class='ocrx_word' id='word_1_213' title='bbox 392 2491 568 2566; x_wconf 84' lang='lat' dir='ltr'><strong>Larentalia,</strong></span> <span class='ocrx_word' id='word_1_214' title='bbox 588 2509 705 2568; x_wconf 86' lang='lat' dir='ltr'><strong>quorum</strong></span> <span class='ocrx_word' id='word_1_215' title='bbox 730 2500 831 2548; x_wconf 87' lang='lat' dir='ltr'><strong>tamen</strong></span> <span class='ocrx_word' id='word_1_216' title='bbox 848 2492 990 2548; x_wconf 88' lang='lat' dir='ltr'><strong>numinum</strong></span> <span class='ocrx_word' id='word_1_217' title='bbox 1009 2491 1114 2568; x_wconf 81' lang='lat' dir='ltr'><strong>aliquot</strong></span> <span class='ocrx_word' id='word_1_218' title='bbox 1133 2507 1170 2548; x_wconf 89' lang='lat' dir='ltr'><strong>ue</strong></span> <span class='ocrx_word' id='word_1_219' title='bbox 1187 2507 1238 2548; x_wconf 91' lang='lat' dir='ltr'><strong>sa-</strong></span> 
     </span>
    </p>
   </div>
   <div class='ocr_carea' id='block_1_6' title="bbox 55 2583 1239 4255">
    <p class='ocr_par' dir='ltr' id='par_1_6' title="bbox 55 2583 1239 4255">
     <span class='ocr_line' id='line_1_25' title="bbox 137 2583 1238 2662; baseline 0 -20"><span class='ocrx_word' id='word_1_220' title='bbox 137 2583 210 2642; x_wconf 86' lang='lat' dir='ltr'><strong>oella</strong></span> <span class='ocrx_word' id='word_1_221' title='bbox 224 2584 334 2662; x_wconf 90' lang='lat' dir='ltr'><strong>quidem</strong></span> <span class='ocrx_word' id='word_1_222' title='bbox 353 2584 481 2644; x_wconf 79' lang='lat' dir='ltr'><strong>habuisse</strong></span> <span class='ocrx_word' id='word_1_223' title='bbox 494 2583 638 2643; x_wconf 73' lang='lat' dir='ltr'><strong>uideuatur</strong></span> <span class='ocrx_word' id='word_1_224' title='bbox 658 2585 730 2643; x_wconf 90' lang='lat' dir='ltr'><strong>aliae</strong></span> <span class='ocrx_word' id='word_1_225' title='bbox 750 2586 914 2642; x_wconf 87' lang='lat' dir='ltr'><strong>uetustiores</strong></span> <span class='ocrx_word' id='word_1_226' title='bbox 933 2585 1026 2659; x_wconf 89' lang='lat' dir='ltr'><strong>etiam,</strong></span> <span class='ocrx_word' id='word_1_227' title='bbox 1046 2585 1091 2642; x_wconf 88' lang='lat' dir='ltr'><strong>uel</strong></span> <span class='ocrx_word' id='word_1_228' title='bbox 1110 2583 1238 2643; x_wconf 88' lang='lat' dir='ltr'><strong>diuersae</strong></span> 
     </span>
     <span class='ocr_line' id='line_1_26' title="bbox 138 2676 1239 2757; baseline 0.001 -22"><span class='ocrx_word' id='word_1_229' title='bbox 138 2677 253 2754; x_wconf 83' lang='lat' dir='ltr'><strong>originis</strong></span> <span class='ocrx_word' id='word_1_230' title='bbox 269 2695 331 2737; x_wconf 87' lang='lat' dir='ltr'><strong>esse</strong></span> <span class='ocrx_word' id='word_1_231' title='bbox 349 2687 504 2757; x_wconf 88' lang='lat' dir='ltr'><strong>apparent,</strong></span> <span class='ocrx_word' id='word_1_232' title='bbox 531 2676 569 2736; x_wconf 88' lang='lat' dir='ltr'><strong>de</strong></span> <span class='ocrx_word' id='word_1_233' title='bbox 587 2695 703 2756; x_wconf 89' lang='lat' dir='ltr'><strong>quarum</strong></span> <span class='ocrx_word' id='word_1_234' title='bbox 723 2677 876 2756; x_wconf 84' lang='lat' dir='ltr'><strong>significatu</strong></span> <span class='ocrx_word' id='word_1_235' title='bbox 893 2679 1031 2736; x_wconf 83' lang='lat' dir='ltr'><strong>maximae</strong></span> <span class='ocrx_word' id='word_1_236' title='bbox 1048 2676 1162 2735; x_wconf 90' lang='lat' dir='ltr'><strong>fuerunt</strong></span> <span class='ocrx_word' id='word_1_237' title='bbox 1180 2677 1239 2736; x_wconf 88' lang='lat' dir='ltr'><strong>dis·</strong></span> 
     </span>
     <span class='ocr_line' id='line_1_27' title="bbox 137 2769 1237 2850; baseline 0.001 -21"><span class='ocrx_word' id='word_1_238' title='bbox 137 2770 287 2831; x_wconf 70' lang='lat' dir='ltr'><strong>tensiones.</strong></span> <span class='ocrx_word' id='word_1_239' title='bbox 326 2773 412 2832; x_wconf 85' lang='lat' dir='ltr'><strong>Velut</strong></span> <span class='ocrx_word' id='word_1_240' title='bbox 431 2771 550 2832; x_wconf 89' lang='lat' dir='ltr'><strong>Ouidius</strong></span> <span class='ocrx_word' id='word_1_241' title='bbox 570 2770 636 2831; x_wconf 92' lang='lat' dir='ltr'><strong>bina</strong></span> <span class='ocrx_word' id='word_1_242' title='bbox 655 2773 788 2850; x_wconf 79' lang='lat' dir='ltr'><strong>Agonalia</strong></span> <span class='ocrx_word' id='word_1_243' title='bbox 807 2772 833 2832; x_wconf 87' lang='lat' dir='ltr'>V</span> <span class='ocrx_word' id='word_1_244' title='bbox 851 2770 892 2830; x_wconf 91' lang='lat' dir='ltr'><strong>ld.</strong></span> <span class='ocrx_word' id='word_1_245' title='bbox 912 2769 971 2829; x_wconf 87' lang='lat' dir='ltr'><strong>Ian.</strong></span> <span class='ocrx_word' id='word_1_246' title='bbox 992 2781 1021 2830; x_wconf 88' lang='lat' dir='ltr'><strong>et</strong></span> <span class='ocrx_word' id='word_1_247' title='bbox 1038 2771 1089 2828; x_wconf 86' lang='lat' dir='ltr'><strong>Xll</strong></span> <span class='ocrx_word' id='word_1_248' title='bbox 1109 2771 1156 2829; x_wconf 76' lang='grc' dir='ltr'><strong>ΚΡ</strong></span> <span class='ocrx_word' id='word_1_249' title='bbox 1173 2772 1237 2831; x_wconf 89' lang='lat' dir='ltr'><strong>lou.</strong></span> 
     </span>
     <span class='ocr_line' id='line_1_28' title="bbox 138 2853 1239 2943; baseline 0.002 -21"><span class='ocrx_word' id='word_1_250' title='bbox 138 2873 188 2923; x_wconf 93' lang='lat' dir='ltr'><strong>aut</strong></span> <span class='ocrx_word' id='word_1_251' title='bbox 205 2866 264 2923; x_wconf 89' lang='lat' dir='ltr'><strong>lani</strong></span> <span class='ocrx_word' id='word_1_252' title='bbox 285 2884 345 2924; x_wconf 90' lang='lat' dir='ltr'><strong>esse</strong></span> <span class='ocrx_word' id='word_1_253' title='bbox 364 2865 430 2924; x_wconf 86' lang='lat' dir='ltr'><strong>dicit</strong></span> <span class='ocrx_word' id='word_1_254' title='bbox 449 2873 478 2942; x_wconf 92' lang='lat' dir='ltr'><strong>l,</strong></span> <span class='ocrx_word' id='word_1_255' title='bbox 494 2869 552 2923; x_wconf 87' lang='grc'><strong>317</strong></span> <span class='ocrx_word' id='word_1_256' title='bbox 558 2885 567 2942; x_wconf 82' lang='lat'>3</span> <span class='ocrx_word' id='word_1_257' title='bbox 586 2867 617 2941; x_wconf 84' lang='grc'><strong>6,</strong></span> <span class='ocrx_word' id='word_1_258' title='bbox 633 2868 701 2942; x_wconf 90' lang='grc'><strong>721,</strong></span> <span class='ocrx_word' id='word_1_259' title='bbox 721 2876 770 2925; x_wconf 91' lang='lat' dir='ltr'><strong>aut</strong></span> <span class='ocrx_word' id='word_1_260' title='bbox 788 2874 864 2924; x_wconf 80' lang='lat' dir='ltr'><strong>certe</strong></span> <span class='ocrx_word' id='word_1_261' title='bbox 882 2882 939 2924; x_wconf 92' lang='lat' dir='ltr'><strong>non</strong></span> <span class='ocrx_word' id='word_1_262' title='bbox 958 2864 1064 2922; x_wconf 89' lang='lat' dir='ltr'><strong>monuit</strong></span> <span class='ocrx_word' id='word_1_263' title='bbox 1084 2853 1239 2943; x_wconf 79' lang='lat' dir='ltr'><strong>posteriora</strong></span> 
     </span>
     <span class='ocr_line' id='line_1_29' title="bbox 137 2957 1238 3038; baseline -0.001 -21"><span class='ocrx_word' id='word_1_264' title='bbox 137 2976 199 3018; x_wconf 89' lang='lat' dir='ltr'><strong>esse</strong></span> <span class='ocrx_word' id='word_1_265' title='bbox 220 2959 362 3035; x_wconf 85' lang='lat' dir='ltr'><strong>Vediouis,</strong></span> <span class='ocrx_word' id='word_1_266' title='bbox 382 2968 467 3038; x_wconf 90' lang='lat' dir='ltr'><strong>prout</strong></span> <span class='ocrx_word' id='word_1_267' title='bbox 484 2957 549 3018; x_wconf 84' lang='lat' dir='ltr'><strong>fasti</strong></span> <span class='ocrx_word' id='word_1_268' title='bbox 568 2960 673 3019; x_wconf 84' lang='lat' dir='ltr'><strong>Venus.</strong></span> <span class='ocrx_word' id='word_1_269' title='bbox 693 2959 806 3019; x_wconf 88' lang='lat' dir='ltr'><strong>habent.</strong></span> <span class='ocrx_word' id='word_1_270' title='bbox 845 2959 944 3017; x_wconf 88' lang='lat' dir='ltr'><strong>Tertia</strong></span> <span class='ocrx_word' id='word_1_271' title='bbox 963 2959 998 3017; x_wconf 84' lang='grc' dir='ltr'><strong>ΙΙΙ</strong></span> <span class='ocrx_word' id='word_1_272' title='bbox 1017 2959 1059 3016; x_wconf 89' lang='lat' dir='ltr'><strong>ld.</strong></span> <span class='ocrx_word' id='word_1_273' title='bbox 1076 2958 1145 3019; x_wconf 86' lang='lat' dir='ltr'><strong>Dec.</strong></span> <span class='ocrx_word' id='word_1_274' title='bbox 1165 2977 1238 3037; x_wconf 89' lang='lat' dir='ltr'><strong>quo·</strong></span> 
     </span>
     <span class='ocr_line' id='line_1_30' title="bbox 137 3050 1237 3131; baseline -0.001 -21"><span class='ocrx_word' id='word_1_275' title='bbox 137 3053 211 3110; x_wconf 89' lang='lat' dir='ltr'><strong>niam</strong></span> <span class='ocrx_word' id='word_1_276' title='bbox 226 3053 376 3112; x_wconf 82' lang='lat' dir='ltr'><strong>Muellerus</strong></span> <span class='ocrx_word' id='word_1_277' title='bbox 395 3052 432 3112; x_wconf 87' lang='lat' dir='ltr'><strong>ad</strong></span> <span class='ocrx_word' id='word_1_278' title='bbox 447 3053 524 3113; x_wconf 84' lang='lat' dir='ltr'><strong>Fest.</strong></span> <span class='ocrx_word' id='word_1_279' title='bbox 543 3072 575 3131; x_wconf 61' lang='lat' dir='ltr'><strong>p«</strong></span> <span class='ocrx_word' id='word_1_280' title='bbox 590 3055 648 3112; x_wconf 87' lang='grc'><strong>340</strong></span> <span class='ocrx_word' id='word_1_281' title='bbox 667 3051 770 3130; x_wconf 82' lang='lat' dir='ltr'><strong>ederit,</strong></span> <span class='ocrx_word' id='word_1_282' title='bbox 784 3070 826 3112; x_wconf 86' lang='lat' dir='ltr'><strong>ue</strong></span> <span class='ocrx_word' id='word_1_283' title='bbox 845 3071 898 3130; x_wconf 90' lang='lat' dir='ltr'><strong>pro</strong></span> <span class='ocrx_word' id='word_1_284' title='bbox 911 3052 1096 3130; x_wconf 87' lang='lat' dir='ltr'><strong>Septimontio</strong></span> <span class='ocrx_word' id='word_1_285' title='bbox 1115 3050 1237 3110; x_wconf 87' lang='lat' dir='ltr'><strong>habean-</strong></span> 
     </span>
     <span class='ocr_line' id='line_1_31' title="bbox 136 3143 1238 3225; baseline -0.001 -23"><span class='ocrx_word' id='word_1_286' title='bbox 136 3154 194 3221; x_wconf 90' lang='lat' dir='ltr'><strong>tur,</strong></span> <span class='ocrx_word' id='word_1_287' title='bbox 213 3147 365 3208; x_wconf 81' lang='lat' dir='ltr'><strong>cuiusmodi</strong></span> <span class='ocrx_word' id='word_1_288' title='bbox 382 3147 498 3223; x_wconf 88' lang='lat' dir='ltr'><strong>fuerint,</strong></span> <span class='ocrx_word' id='word_1_289' title='bbox 517 3147 601 3224; x_wconf 87' lang='lat' dir='ltr'><strong>plane</strong></span> <span class='ocrx_word' id='word_1_290' title='bbox 625 3147 792 3225; x_wconf 88' lang='lat' dir='ltr'><strong>ignoramus.</strong></span> <span class='ocrx_word' id='word_1_291' title='bbox 832 3146 876 3203; x_wconf 90' lang='lat' dir='ltr'><strong>De</strong></span> <span class='ocrx_word' id='word_1_292' title='bbox 895 3145 1066 3203; x_wconf 85' lang='lat' dir='ltr'><strong>Tubilustrio</strong></span> <span class='ocrx_word' id='word_1_293' title='bbox 1085 3144 1175 3221; x_wconf 88' lang='lat' dir='ltr'><strong>primo</strong></span> <span class='ocrx_word' id='word_1_294' title='bbox 1194 3143 1238 3201; x_wconf 92' lang='lat' dir='ltr'><strong>di·</strong></span> 
     </span>
     <span class='ocr_line' id='line_1_32' title="bbox 138 3238 1236 3320; baseline 0.001 -25"><span class='ocrx_word' id='word_1_295' title='bbox 138 3246 212 3296; x_wconf 83' lang='lat' dir='ltr'><strong>etum</strong></span> <span class='ocrx_word' id='word_1_296' title='bbox 240 3252 283 3299; x_wconf 85' lang='lat' dir='ltr'><strong>est</strong></span> <span class='ocrx_word' id='word_1_297' title='bbox 305 3258 388 3320; x_wconf 86' lang='lat' dir='ltr'><strong>supra</strong></span> <span class='ocrx_word' id='word_1_298' title='bbox 415 3260 443 3320; x_wconf 87' lang='lat' dir='ltr'><strong>p.</strong></span> <span class='ocrx_word' id='word_1_299' title='bbox 456 3258 546 3300; x_wconf 77' lang='lat' dir='ltr'><strong>xnn:</strong></span> <span class='ocrx_word' id='word_1_300' title='bbox 575 3240 611 3299; x_wconf 88' lang='lat' dir='ltr'><strong>de</strong></span> <span class='ocrx_word' id='word_1_301' title='bbox 637 3242 760 3318; x_wconf 87' lang='lat' dir='ltr'><strong>utrisque</strong></span> <span class='ocrx_word' id='word_1_302' title='bbox 786 3240 850 3298; x_wconf 91' lang='lat' dir='ltr'><strong>uide</strong></span> <span class='ocrx_word' id='word_1_303' title='bbox 875 3239 988 3297; x_wconf 84' lang='lat' dir='ltr'><strong>Festum</strong></span> <span class='ocrx_word' id='word_1_304' title='bbox 1007 3258 1037 3316; x_wconf 89' lang='lat' dir='ltr'><strong>p.</strong></span> <span class='ocrx_word' id='word_1_305' title='bbox 1048 3238 1114 3313; x_wconf 82' lang='grc'><strong>302,</strong></span> <span class='ocrx_word' id='word_1_306' title='bbox 1128 3243 1166 3295; x_wconf 87' lang='grc'><strong>21</strong></span> <span class='ocrx_word' id='word_1_307' title='bbox 1182 3239 1236 3296; x_wconf 89' lang='lat' dir='ltr'><strong>sin.</strong></span> 
     </span>
     <span class='ocr_line' id='line_1_33' title="bbox 55 3320 1238 3414; baseline 0 -25"><span class='ocrx_word' id='word_1_308' title='bbox 55 3320 58 3326; x_wconf 41' lang='lat'><strong>⁴</strong></span> <span class='ocrx_word' id='word_1_309' title='bbox 137 3330 182 3390; x_wconf 91' lang='lat' dir='ltr'><strong>De</strong></span> <span class='ocrx_word' id='word_1_310' title='bbox 206 3333 348 3393; x_wconf 68' lang='lat' dir='ltr'><strong>vinalibus</strong></span> <span class='ocrx_word' id='word_1_311' title='bbox 374 3338 528 3414; x_wconf 83' lang='lat' dir='ltr'><strong>expositum</strong></span> <span class='ocrx_word' id='word_1_312' title='bbox 553 3345 596 3392; x_wconf 89' lang='lat' dir='ltr'><strong>est</strong></span> <span class='ocrx_word' id='word_1_313' title='bbox 622 3353 652 3412; x_wconf 84' lang='lat' dir='ltr'><strong>p.</strong></span> <span class='ocrx_word' id='word_1_314' title='bbox 667 3352 751 3392; x_wconf 76' lang='lat' dir='ltr'><strong>xm</strong></span> <span class='ocrx_word' id='word_1_315' title='bbox 765 3353 819 3413; x_wconf 78' lang='lat' dir='ltr'><strong>eq,</strong></span> <span class='ocrx_word' id='word_1_316' title='bbox 844 3333 882 3392; x_wconf 92' lang='lat' dir='ltr'><strong>de</strong></span> <span class='ocrx_word' id='word_1_317' title='bbox 907 3332 1099 3391; x_wconf 87' lang='lat' dir='ltr'><strong>Lemuralibus</strong></span> <span class='ocrx_word' id='word_1_318' title='bbox 1124 3343 1238 3410; x_wconf 89' lang='lat' dir='ltr'><strong>praeter</strong></span> 
     </span>
     <span class='ocr_line' id='line_1_34' title="bbox 136 3423 1234 3498; baseline 0 -16"><span class='ocrx_word' id='word_1_319' title='bbox 136 3423 275 3484; x_wconf 88' lang='lat' dir='ltr'><strong>Ouidiaua</strong></span> <span class='ocrx_word' id='word_1_320' title='bbox 300 3448 354 3488; x_wconf 92' lang='lat' dir='ltr'><strong>uon</strong></span> <span class='ocrx_word' id='word_1_321' title='bbox 382 3430 496 3487; x_wconf 90' lang='lat' dir='ltr'><strong>multum</strong></span> <span class='ocrx_word' id='word_1_322' title='bbox 523 3438 620 3487; x_wconf 88' lang='lat' dir='ltr'><strong>notum</strong></span> <span class='ocrx_word' id='word_1_323' title='bbox 646 3439 705 3498; x_wconf 90' lang='lat' dir='ltr'><strong>est,</strong></span> <span class='ocrx_word' id='word_1_324' title='bbox 734 3427 798 3487; x_wconf 88' lang='lat' dir='ltr'><strong>uide</strong></span> <span class='ocrx_word' id='word_1_325' title='bbox 821 3437 915 3486; x_wconf 89' lang='lat' dir='ltr'><strong>tamen</strong></span> <span class='ocrx_word' id='word_1_326' title='bbox 934 3427 1068 3484; x_wconf 84' lang='lat' dir='ltr'><strong>Vaassen.</strong></span> <span class='ocrx_word' id='word_1_327' title='bbox 1095 3423 1234 3483; x_wconf 84' lang='lat' dir='ltr'><strong>animadu.</strong></span> 
     </span>
     <span class='ocr_line' id='line_1_35' title="bbox 136 3517 1235 3600; baseline -0.005 -23"><span class='ocrx_word' id='word_1_328' title='bbox 136 3538 167 3599; x_wconf 88' lang='lat' dir='ltr'><strong>p.</strong></span> <span class='ocrx_word' id='word_1_329' title='bbox 177 3522 246 3577; x_wconf 90' lang='grc'><strong>242.</strong></span> <span class='ocrx_word' id='word_1_330' title='bbox 280 3521 324 3580; x_wconf 89' lang='lat' dir='ltr'><strong>De</strong></span> <span class='ocrx_word' id='word_1_331' title='bbox 342 3523 387 3595; x_wconf 88' lang='lat' dir='ltr'><strong>iis,</strong></span> <span class='ocrx_word' id='word_1_332' title='bbox 406 3540 477 3599; x_wconf 87' lang='lat' dir='ltr'><strong>quae</strong></span> <span class='ocrx_word' id='word_1_333' title='bbox 496 3521 532 3578; x_wconf 91' lang='lat' dir='ltr'><strong>ad</strong></span> <span class='ocrx_word' id='word_1_334' title='bbox 547 3519 680 3578; x_wconf 90' lang='lat' dir='ltr'><strong>Ouidium</strong></span> <span class='ocrx_word' id='word_1_335' title='bbox 699 3541 753 3579; x_wconf 92' lang='lat' dir='ltr'><strong>non</strong></span> <span class='ocrx_word' id='word_1_336' title='bbox 774 3523 924 3600; x_wconf 88' lang='lat' dir='ltr'><strong>pertinent,</strong></span> <span class='ocrx_word' id='word_1_337' title='bbox 944 3521 1036 3577; x_wconf 82' lang='lat' dir='ltr'><strong>dicere</strong></span> <span class='ocrx_word' id='word_1_338' title='bbox 1051 3536 1106 3574; x_wconf 91' lang='lat' dir='ltr'><strong>nou</strong></span> <span class='ocrx_word' id='word_1_339' title='bbox 1126 3517 1235 3589; x_wconf 87' lang='lat' dir='ltr'><strong>attinet,</strong></span> 
     </span>
     <span class='ocr_line' id='line_1_36' title="bbox 136 3610 1236 3692; baseline -0.005 -22"><span class='ocrx_word' id='word_1_340' title='bbox 136 3615 187 3670; x_wconf 83' lang='lat' dir='ltr'><strong>uisi</strong></span> <span class='ocrx_word' id='word_1_341' title='bbox 214 3613 287 3673; x_wconf 88' lang='lat' dir='ltr'><strong>forte</strong></span> <span class='ocrx_word' id='word_1_342' title='bbox 313 3614 349 3672; x_wconf 90' lang='lat' dir='ltr'><strong>de</strong></span> <span class='ocrx_word' id='word_1_343' title='bbox 367 3613 539 3692; x_wconf 88' lang='lat' dir='ltr'><strong>Poplifugio,</strong></span> <span class='ocrx_word' id='word_1_344' title='bbox 568 3615 627 3672; x_wconf 83' lang='lat' dir='ltr'><strong>siue</strong></span> <span class='ocrx_word' id='word_1_345' title='bbox 644 3613 806 3692; x_wconf 88' lang='lat' dir='ltr'><strong>Poplifugiis</strong></span> <span class='ocrx_word' id='word_1_346' title='bbox 832 3617 874 3672; x_wconf 91' lang='lat' dir='ltr'><strong>uti</strong></span> <span class='ocrx_word' id='word_1_347' title='bbox 893 3613 1066 3682; x_wconf 82' lang='lat' dir='ltr'><strong>Macrobius,</strong></span> <span class='ocrx_word' id='word_1_348' title='bbox 1094 3611 1169 3680; x_wconf 86' lang='lat' dir='ltr'><strong>siue,</strong></span> <span class='ocrx_word' id='word_1_349' title='bbox 1196 3610 1236 3665; x_wconf 91' lang='lat' dir='ltr'><strong>uti</strong></span> 
     </span>
     <span class='ocr_line' id='line_1_37' title="bbox 136 3704 1237 3786; baseline -0.004 -23"><span class='ocrx_word' id='word_1_350' title='bbox 136 3705 287 3766; x_wconf 81' lang='lat' dir='ltr'><strong>Muellerus</strong></span> <span class='ocrx_word' id='word_1_351' title='bbox 308 3709 418 3782; x_wconf 82' lang='lat' dir='ltr'><strong>scribit,</strong></span> <span class='ocrx_word' id='word_1_352' title='bbox 441 3705 617 3784; x_wconf 81' lang='lat' dir='ltr'><strong>Poplifugia,</strong></span> <span class='ocrx_word' id='word_1_353' title='bbox 644 3724 716 3785; x_wconf 90' lang='lat' dir='ltr'><strong>quae</strong></span> <span class='ocrx_word' id='word_1_354' title='bbox 735 3708 852 3786; x_wconf 84' lang='lat' dir='ltr'><strong>Fugalia</strong></span> <span class='ocrx_word' id='word_1_355' title='bbox 870 3710 929 3765; x_wconf 86' lang='lat' dir='ltr'><strong>sine</strong></span> <span class='ocrx_word' id='word_1_356' title='bbox 954 3707 1038 3764; x_wconf 88' lang='lat' dir='ltr'><strong>dubio</strong></span> <span class='ocrx_word' id='word_1_357' title='bbox 1058 3704 1237 3783; x_wconf 86' lang='lat' dir='ltr'><strong>appellantur</strong></span> 
     </span>
     <span class='ocr_line' id='line_1_38' title="bbox 137 3794 1237 3879; baseline -0.003 -23"><span class='ocrx_word' id='word_1_358' title='bbox 137 3800 172 3856; x_wconf 87' lang='lat' dir='ltr'><strong>ab</strong></span> <span class='ocrx_word' id='word_1_359' title='bbox 193 3803 344 3879; x_wconf 79' lang='lat' dir='ltr'><strong>Augustino</strong></span> <span class='ocrx_word' id='word_1_360' title='bbox 368 3801 405 3859; x_wconf 90' lang='lat' dir='ltr'><strong>de</strong></span> <span class='ocrx_word' id='word_1_361' title='bbox 423 3819 448 3857; x_wconf 86' lang='lat' dir='ltr'><strong>c.</strong></span> <span class='ocrx_word' id='word_1_362' title='bbox 468 3799 496 3858; x_wconf 91' lang='lat' dir='ltr'><strong>d.</strong></span> <span class='ocrx_word' id='word_1_363' title='bbox 518 3806 548 3873; x_wconf 90' lang='grc'><strong>2,</strong></span> <span class='ocrx_word' id='word_1_364' title='bbox 567 3803 600 3856; x_wconf 73' lang='grc' dir='ltr'><strong>6ε</strong></span> <span class='ocrx_word' id='word_1_365' title='bbox 633 3818 682 3858; x_wconf 86' lang='lat' dir='ltr'><strong>neo</strong></span> <span class='ocrx_word' id='word_1_366' title='bbox 704 3800 752 3858; x_wconf 75' lang='lat' dir='ltr'><strong>uti</strong></span> <span class='ocrx_word' id='word_1_367' title='bbox 776 3803 897 3878; x_wconf 81' lang='lat' dir='ltr'><strong>Fupulio</strong></span> <span class='ocrx_word' id='word_1_368' title='bbox 922 3799 1120 3859; x_wconf 78' lang='lat' dir='ltr'><strong>eelebrnrentur</strong></span> <span class='ocrx_word' id='word_1_369' title='bbox 1145 3794 1237 3871; x_wconf 74' lang='lat' dir='ltr'><strong>effuso</strong></span> 
     </span>
     <span class='ocr_line' id='line_1_39' title="bbox 136 3892 1235 3972; baseline -0.003 -22"><span class='ocrx_word' id='word_1_370' title='bbox 136 3896 210 3951; x_wconf 79' lang='lat' dir='ltr'><strong>muni</strong></span> <span class='ocrx_word' id='word_1_371' title='bbox 228 3893 340 3954; x_wconf 78' lang='lat' dir='ltr'><strong>licentio</strong></span> <span class='ocrx_word' id='word_1_372' title='bbox 353 3893 554 3972; x_wconf 74' lang='lat' dir='ltr'><strong>tupitudinem</strong></span> <span class='ocrx_word' id='word_1_373' title='bbox 572 3901 599 3951; x_wconf 85' lang='lat' dir='ltr'><strong>et</strong></span> <span class='ocrx_word' id='word_1_374' title='bbox 616 3911 679 3952; x_wconf 79' lang='lat' dir='ltr'><strong>erere</strong></span> <span class='ocrx_word' id='word_1_375' title='bbox 693 3895 823 3970; x_wconf 64' lang='grc' dir='ltr'><strong>Γαραίἱα,</strong></span> <span class='ocrx_word' id='word_1_376' title='bbox 842 3895 891 3953; x_wconf 84' lang='lat' dir='ltr'><strong>sed</strong></span> <span class='ocrx_word' id='word_1_377' title='bbox 906 3894 1022 3972; x_wconf 81' lang='lat' dir='ltr'><strong>pudoris</strong></span> <span class='ocrx_word' id='word_1_378' title='bbox 1034 3900 1060 3950; x_wconf 81' lang='lat' dir='ltr'><strong>ot</strong></span> <span class='ocrx_word' id='word_1_379' title='bbox 1073 3892 1235 3963; x_wconf 66' lang='lat' dir='ltr'><strong>neumatis.</strong></span> 
     </span>
     <span class='ocr_line' id='line_1_40' title="bbox 135 3986 1237 4066; baseline -0.003 -23"><span class='ocrx_word' id='word_1_380' title='bbox 135 3988 198 4044; x_wconf 87' lang='lat' dir='ltr'><strong>lloe</strong></span> <span class='ocrx_word' id='word_1_381' title='bbox 215 3989 289 4046; x_wconf 91' lang='lat' dir='ltr'><strong>euim</strong></span> <span class='ocrx_word' id='word_1_382' title='bbox 309 4008 408 4048; x_wconf 91' lang='lat' dir='ltr'><strong>nomen</strong></span> <span class='ocrx_word' id='word_1_383' title='bbox 427 3987 596 4046; x_wconf 86' lang='lat' dir='ltr'><strong>Niebuhrius</strong></span> <span class='ocrx_word' id='word_1_384' title='bbox 614 3987 643 4045; x_wconf 83' lang='lat' dir='ltr'><strong>ln.</strong></span> <span class='ocrx_word' id='word_1_385' title='bbox 656 3987 693 4045; x_wconf 84' lang='lat' dir='ltr'><strong>R.</strong></span> <span class='ocrx_word' id='word_1_386' title='bbox 709 3993 738 4062; x_wconf 96' lang='lat'><strong>1,</strong></span> <span class='ocrx_word' id='word_1_387' title='bbox 756 4007 787 4066; x_wconf 81' lang='lat' dir='ltr'><strong>p.</strong></span> <span class='ocrx_word' id='word_1_388' title='bbox 797 3990 854 4045; x_wconf 82' lang='grc'><strong>666</strong></span> <span class='ocrx_word' id='word_1_389' title='bbox 874 3988 909 4047; x_wconf 90' lang='lat' dir='ltr'><strong>ad</strong></span> <span class='ocrx_word' id='word_1_390' title='bbox 929 3986 1105 4064; x_wconf 82' lang='lat' dir='ltr'><strong>Regifugium</strong></span> <span class='ocrx_word' id='word_1_391' title='bbox 1125 4001 1237 4042; x_wconf 83' lang='lat' dir='ltr'><strong>accoun-</strong></span> 
     </span>
     <span class='ocr_line' id='line_1_41' title="bbox 134 4075 1235 4160; baseline -0.005 -23"><span class='ocrx_word' id='word_1_392' title='bbox 134 4081 277 4157; x_wconf 88' lang='lat' dir='ltr'><strong>modauit,</strong></span> <span class='ocrx_word' id='word_1_393' title='bbox 296 4101 352 4160; x_wconf 91' lang='lat' dir='ltr'><strong>quo</strong></span> <span class='ocrx_word' id='word_1_394' title='bbox 371 4082 416 4140; x_wconf 85' lang='lat' dir='ltr'><strong>die</strong></span> <span class='ocrx_word' id='word_1_395' title='bbox 434 4081 549 4139; x_wconf 83' lang='lat' dir='ltr'><strong>liuenter</strong></span> <span class='ocrx_word' id='word_1_396' title='bbox 567 4082 734 4158; x_wconf 87' lang='lat' dir='ltr'><strong>quiequam,</strong></span> <span class='ocrx_word' id='word_1_397' title='bbox 752 4091 837 4160; x_wconf 92' lang='lat' dir='ltr'><strong>prout</strong></span> <span class='ocrx_word' id='word_1_398' title='bbox 854 4082 882 4139; x_wconf 92' lang='lat' dir='ltr'><strong>in</strong></span> <span class='ocrx_word' id='word_1_399' title='bbox 901 4081 949 4139; x_wconf 91' lang='lat' dir='ltr'><strong>illa</strong></span> <span class='ocrx_word' id='word_1_400' title='bbox 968 4080 1147 4153; x_wconf 89' lang='lat' dir='ltr'><strong>uitulatioue,</strong></span> <span class='ocrx_word' id='word_1_401' title='bbox 1177 4075 1235 4133; x_wconf 88' lang='lat' dir='ltr'><strong>nid.</strong></span> 
     </span>
     <span class='ocr_line' id='line_1_42' title="bbox 134 4171 1235 4255; baseline -0.004 -24"><span class='ocrx_word' id='word_1_402' title='bbox 134 4171 221 4234; x_wconf 82' lang='lat' dir='ltr'><strong>Maur.</strong></span> <span class='ocrx_word' id='word_1_403' title='bbox 236 4178 265 4252; x_wconf 90' lang='grc'><strong>3,</strong></span> <span class='ocrx_word' id='word_1_404' title='bbox 278 4180 307 4247; x_wconf 88' lang='grc'><strong>2,</strong></span> <span class='ocrx_word' id='word_1_405' title='bbox 326 4194 355 4255; x_wconf 93' lang='lat' dir='ltr'><strong>p.</strong></span> <span class='ocrx_word' id='word_1_406' title='bbox 367 4178 434 4253; x_wconf 85' lang='grc'><strong>386,</strong></span> <span class='ocrx_word' id='word_1_407' title='bbox 455 4185 547 4234; x_wconf 84' lang='lat' dir='ltr'><strong>artum</strong></span> <span class='ocrx_word' id='word_1_408' title='bbox 565 4192 626 4235; x_wconf 88' lang='lat' dir='ltr'><strong>esse</strong></span> <span class='ocrx_word' id='word_1_409' title='bbox 640 4173 758 4234; x_wconf 90' lang='lat' dir='ltr'><strong>Ouidius</strong></span> <span class='ocrx_word' id='word_1_410' title='bbox 777 4192 833 4232; x_wconf 92' lang='lat' dir='ltr'><strong>nou</strong></span> <span class='ocrx_word' id='word_1_411' title='bbox 853 4173 944 4233; x_wconf 88' lang='lat' dir='ltr'><strong>tradit.</strong></span> <span class='ocrx_word' id='word_1_412' title='bbox 974 4172 1133 4252; x_wconf 72' lang='lat' dir='ltr'><strong>Poplifugia</strong></span> <span class='ocrx_word' id='word_1_413' title='bbox 1149 4187 1235 4250; x_wconf 91' lang='lat' dir='ltr'><strong>quam</strong></span> 
     </span>
    </p>
   </div>
   <div class='ocr_carea' id='block_1_7' title="bbox 0 0 1280 4574">
    <p class='ocr_par' dir='ltr' id='par_1_7' title="bbox 0 0 1280 4574">
     <span class='ocr_line' id='line_1_43' title="bbox 0 0 1280 4574; baseline 0 1"><span class='ocrx_word' id='word_1_414' title='bbox 0 0 1280 4574; x_wconf 95' lang='lat' dir='ltr'><strong> </strong></span> 
     </span>
    </p>
   </div>
  </div>
 </body>
</html>
