2550 4574
540 275 696 325 emtore
856 292 858 297 ’
1008 289 1010 293 ’
1061 272 1164 331 ΟΙᾸῙΙ

60 378 127 489 rum
147 424 266 488 sacraria
284 424 369 487 iulsso
387 427 485 508 uiginti
503 414 611 507 septem
629 436 747 488 testetur
761 398 893 490 Virro'lss
903 428 923 490 l.
938 426 1028 507 b,4b.
1065 434 1168 500 Potest

61 523 185 590 Ouidius
203 524 232 580 in'
250 539 282 580 re
301 521 372 580 adeo
391 521 495 580 difficili
522 539 667 581 nummum
685 522 761 581 illum
779 523 931 603 pleniorem
945 522 1068 604 Dionysii
1086 544 1165 588 oom-
1264 572 1271 589 ,

61 636 180 698 parasse
203 634 238 675 ac
257 615 382 674 retulisse
407 615 608 675 adnumerum
631 617 768 675 curiarum
794 616 986 676 aut'tribuum
1003 621 1166 683 scribendos

61 720 132 791 «μοι
149 728 266 790 corporo
282 716 388 786 pasus,
407 709 437 768 lt.
458 726 483 768 e.
503 702 656 788 φράτρας,
676 710 776 787 curias,
795 711 853 770 uid.
871 708 987 789 Dionys.
1008 718 1080 790 1,8,
1099 716 1163 787 coll.

60 805 146 864 Paul.
165 805 244 864 Diae.
265 823 294 883 p.
310 805 358 880 49,
378 805 409 880 4,
434 812 483 862 aut
507 804 570 863 uide
589 805 666 863 Fest.
685 824 716 883 p.
725 808 795 880 233,
811 803 850 864 25
867 805 956 865 dextr.
980 816 1010 867 et
1027 806 1163 867 Niebuhr.

62 899 128 957 bist.
147 899 202 957 Ro.
223 903 252 973 l,
271 917 302 976 p.
315 897 382 956 465.
429 898 611 976 Hyperbaton
635 897 711 958 foret
734 897 807 958 idem
831 898 908 976 quod
931 908 1043 959 metam.
1063 903 1165 976 3,420

61 990 214 1055 secundum
235 992 321 1049 bonos
339 991 439 1050 libros:
457 993 651 1068 posternam
664 988 872 1052 walcandus.
900 992 1045 1065 Postremo
1062 1012 1094 1052 u.
1105 996 1162 1054 661
1256 1016 1262 1035 ·

63 1087 91 1143 in
112 1085 246 1143 librorum
264 1086 402 1163 scriptura
421 1086 544 1164 agnoscis
564 1085 731 1145 Ouidianum
751 1085 988 1163 consuetudinem,
1007 1105 1063 1171 am.
1082 1091 1113 1163 3,
1133 1091 1164 1163 1,

62 1182 119 1254 313
137 1184 168 1254 6,
181 1181 230 1237 79.
267 1177 311 1236 De
332 1180 429 1256 Argeia
455 1176 538 1237 uideo
564 1178 719 1258 disputasse
738 1180 916 1238 Clausentum
939 1181 969 1238 iu
992 1180 1063 1239 libro
1082 1183 1164 1258 inge-

61 1273 233 1347 niosissimo,
253 1271 329 1328 cuius
348 1290 422 1330 nunc
442 1271 553 1331 demum
573 1291 687 1352 compos
705 1291 766 1331 sum
783 1271 890 1349 factus,
909 1293 940 1353 p.
955 1275 1014 1332 nat
1031 1292 1092 1353 sqq.
1131 1274 1168 1332 lrt

62 1382 98 1424 eo
119 1364 189 1424 libro
208 1373 342 1442 quantum
368 1373 433 1446 post
455 1367 571 1444 primam
590 1366 736 1426 lectionem
753 1366 877 1426 iudicare
899 1368 979 1443 licet,
1006 1368 1117 1446 saepius
1134 1365 1164 1427 td

62 1457 113 1534 lit,
137 1457 216 1537 quod
239 1459 295 1517 hoc
313 1477 425 1538 quoqne
448 1460 528 1518 loco:
553 1460 811 1538 interpretationem
837 1460 954 1539 pulchre
977 1462 1163 1540 excogitatum
1220 1512 1227 1523 .

63 1570 128 1609 cum
148 1554 297 1630 probatum
315 1553 371 1611 itur
389 1571 441 1631 par
458 1561 637 1631 argumenta,
661 1572 698 1613 ne
716 1556 808 1632 imago
828 1563 936 1612 tantum
954 1554 1003 1626 sit,
1023 1572 1057 1614 aa
1076 1558 1165 1633 argu-'¹

63 1657 159 1704 menta
181 1656 246 1704 suut
268 1644 392 1703 doctiora
411 1663 495 1724 quam
515 1645 667 1723 ualidiora;
693 1645 818 1706 doctrina
845 1666 911 1707 uero
930 1646 1057 1727 ipsa·rlla
1075 1649 1164 1708 Clau-

63 1740 145 1815 senii,
166 1758 239 1818 quae
258 1740 336 1797 tanta
352 1749 405 1814 est,
426 1747 531 1817 quauta
544 1740 574 1797 in
586 1740 674 1816 nullo,
694 1741 741 1819 qui
761 1740 814 1800 lroc
830 1741 985 1800 litterarum
999 1760 1088 1821 genus
1099 1742 1165 1802 attt-

62 1834 165 1914 gimus,
184 1853 240 1892 non
256 1833 328 1892 solet
346 1850 392 1907 ea,
411 1843 484 1911 qnae
501 1830 616 1892 fuerunt
630 1833 706 1913 apud
721 1835 875 1911 Romanos,
895 1836 931 1894 ab
949 1837 993 1911 iis,
1011 1854 1084 1916 quae
1103 1840 1166 1895 cre-'

63 1925 124 1984 dita
142 1935 223 2001 sunt,
248 1927 413 1985 discernere.
442 1925 542 2001 ‚vetat
560 1930 679 1986 sacraria
697 1944 845 2006 argeorum
862 1936 944 2006 putat
961 1928 1048 1989 luisse
1064 1938 1166 2008 puteo·

64 2034 127 2078 rum
148 2022 175 2078 in
196 2021 341 2097 argillacea
359 2029 453 2078 terrae
478 2021 623 2098 originatio
647 2020 844 2079 admirabiliter
866 2023 1011 2081 astruitur:
1037 2023 1061 2080 si
1079 2034 1167 2101 quaa·

64 2123 128 2188 tas,
157 2115 203 2171 ubi
222 2114 330 2172 Romae
353 2115 510 2192 argillarum
532 2114 720 2173 Camenarum
745 2115 861 2191 uestigia
886 2115 1006 2190 luerint,
1029 2115 1167 2174 indicatur

62 2206 155 2265 solum
174 2207 325 2284 Argiletum
344 2206 485 2263 cumiani
505 2205 650 2282 Lautulis,
678 2224 751 2285 quaa
771 2204 948 2282 coniectura,
967 2224 1020 2266 nec
1038 2219 1115 2267 recte
1133 2218 1166 2268 ut

63 2309 152 2384 puto,
177 2301 398 2376 coniunguntur,
424 2317 592 2377 quamquam
616 2299 652 2358 de
671 2317 706 2358 ea
732 2317 763 2358 re
781 2301 890 2378 insigne
908 2303 1044 2379 glossema
1062 2302 1165 2363 codicis

64 2394 241 2453 Monacensis
267 2391 339 2451 edidi
366 2392 403 2450 ad
428 2391 494 2450 fast.
515 2395 545 2468 6,
564 2393 632 2451 404.
676 2393 785 2452 Deinde
808 2393 883 2471 quod
902 2414 932 2474 p.
947 2396 1005 2474 941
1029 2395 1166 2460 indicatur

65 2487 190 2547 Saturno
210 2505 244 2546 ea
261 2505 340 2544 sacra
358 2485 434 2562 fieri,
459 2487 507 2564 qui
525 2486 595 2545 deus
612 2487 718 2546 scilicet
737 2487 862 2545 obscura·
873 2489 901 2545 in
920 2488 1010 2546 lucem
1027 2489 1164 2568 proferat,

66 2580 96 2639 id
108 2582 222 2639 minima
237 2579 354 2643 traditur
366 2592 498 2658 usquamr
518 2580 585 2638 nihil
599 2582 651 2639 uisi
663 2579 787 2639 sacrificii
802 2581 915 2639 humani
933 2582 1053 2660 speciem
1071 2597 1165 2661 gram

66 2675 161 2732 matini
179 2682 385 2752 spectauerunt,
406 2674 454 2752 qui
472 2672 508 2731 de
521 2673 643 2734 Saturno
662 2675 691 2732 in
709 2672 762 2732 bac
780 2688 812 2732 ra
831 2685 989 2735 narrarunt.
1028 2677 1111 2748 Quae
1128 2678 1166 2738 da

67 2767 263 2845 superstitione
281 2766 328 2823 illa
347 2767 485 2824 communi
503 2767 696 2846 disputantur,
715 2784 771 2845 qua
788 2785 823 2826 eo
842 2775 984 2846 tempore,
1003 2788 1067 2828 cum
1085 2779 1166 2830 nata-

69 2863 108 2919 tio
124 2862 153 2918 in
168 2860 279 2917 flumine
297 2859 400 2942 incipit,
418 2859 520 2919 fluuius
539 2861 576 2920 da
593 2869 679 2940 ponte
698 2859 849 2939 placandus
868 2861 960 2933 tuerit,
979 2882 1009 2943 p.
1020 2866 1164 2940 942,943,

69 2955 210 3033 aptissima
229 2961 308 3013 suntz
327 2952 377 3011 sed
397 2964 489 3014 tamen
507 2952 575 3013 illud
594 2956 774 3032 prouerbium
792 2953 829 3012 de
847 2957 1040 3033 sexagenariis,
1058 2955 1095 3015 de
1107 2972 1165 3034 qun

69 3048 136 3106 uide
156 3048 238 3106 etiam
257 3047 379 3105 Nonium
397 3066 427 3127 p.
437 3049 506 3121 523,
518 3050 574 3122 21,
600 3056 735 3126 quantum
759 3047 925 3126 intelligam,
951 3056 1001 3107 aut
1022 3050 1093 3107 sacri
1110 3049 1167 3107 hu·
1242 3042 1246 3049 ’

69 3134 147 3204 mani
164 3141 323 3201 memoriam
342 3151 446 3217 seruat,
465 3148 515 3202 aut
527 3156 563 3199 ex
575 3159 654 3201 more
667 3141 839 3200 comitiorum
855 3143 1017 3200 mamistam
1030 3150 1090 3219 est;
1109 3156 1166 3204 nou

69 3244 165 3315 potest
183 3246 302 3313 utroque
319 3233 403 3293 modo
421 3252 519 3297 ueruto
533 3245 563 3294 et
579 3244 717 3294 uetustum
732 3252 801 3306 esse,
819 3242 853 3292 ut
868 3252 949 3294 senes
967 3235 1098 3295 etiamin
1118 3254 1167 3296 co·

70 3329 154 3389 mitta
177 3328 231 3388 deo
257 3328 383 3386 fluuiatili
401 3327 548 3391 Petronius
568 3329 656 3392 amnis
681 3326 773 3388 traditi
796 3327 918 3406 furans,
945 3329 985 3387 uti
1003 3328 1167 3391 Clausenius
1239 3319 1245 3340 '

70 3422 142 3483 uelit
159 3442 189 3501 p.
199 3424 266 3480 944.
937 3446 940 3451 ·

149 3515 241 3575 Venio
259 3516 297 3575 ad
314 3533 349 3576 ea
367 3534 457 3594 sacra,
476 3533 550 3596 qnae
569 3534 632 3575 rum
650 3517 725 3575 feriis
743 3517 861 3597 publicis
878 3517 1025 3575 coniuncta
1045 3514 1167 3575 fuerunt.

71 3609 225 3673 Maximum
240 3611 270 3669 in
284 3607 327 3671 his
341 3620 384 3672 est
400 3620 569 3672 momentum
581 3608 619 3669 ad
637 3608 752 3673 deorum
765 3611 865 3689 quibus
883 3611 988 3670 fiebant
1001 3625 1170 3688 cognosceu-

71 3703 126 3765 aas
144 3714 276 3782 naturas,
302 3722 376 3785 quas
394 3705 541 3784 pecuaria
560 3712 715 3765 commenta
732 3720 818 3789 saepe
835 3714 901 3764 sunt
922 3707 1103 3780 obscuratae,
1129 3703 1170 3762 uti

73 3799 208 3881 proximis
232 3799 309 3857 libris
334 3800 488 3859 docebitur.
533 3798 683 3858 Maximum
708 3799 791 3858 uiam
813 3798 841 3856 in
867 3796 921 3856 bac
945 3816 977 3858 ra
1000 3807 1170 3857 momentum

73 3908 162 3970 saepe
180 3900 222 3951 est
240 3894 268 3951 in
285 3895 450 3963 auctoritate
468 3891 573 3968 Ouidii,
592 3911 665 3971 quae
682 3892 741 3952 sola
760 3901 809 3953 aut
826 3892 1015 3970 antiquissima
1033 3890 1108 3951 baud
1125 3908 1171 3948 se·

73 3984 143 4059 mel,
163 3984 213 4044 sed
232 3986 370 4046 interdum
388 3985 550 4066 imperfecta
566 3996 651 4047 extat.
682 3986 727 4048 Do
745 3986 805 4050 lani
822 4000 901 4045 sacro
919 3985 1059 4049 Kalalan.
1074 3982 1172 4060 1,1at
1271 3973 1274 3979 ’

75 4088 164 4138 tenue
182 4087 224 4138 est
241 4079 383 4141 iudicium:
411 4082 534 4159 reliquae
558 4081 723 4141 cerimoniae
741 4082 777 4140 ab
797 4088 845 4139 aia
864 4074 896 4139 et¹
910 4080 1012 4141 sacello
1030 4079 1172 4138 seiunctas

78 4170 126 4235 uix
150 4171 206 4235 huc
230 4176 379 4258 pertinent.
417 4172 544 4240 Fuerunt
568 4175 626 4236 eius
652 4175 742 4261 prinu
760 4174 910 4256 Agonalia,
936 4174 1088 4257 dequibus
1106 4167 1172 4231 nido
