2550 4574
145 271 255 321 coxan
623 264 668 311 D!
688 265 764 313 DEIS

143 441 206 483 sum
230 421 338 481 illorum
359 416 494 477 institutio
518 416 685 477 auctoritate
710 417 861 476 carminum
880 416 1077 494 Sibyllinorum
1097 436 1155 479 uon
1178 421 1248 480 satis

143 524 268 577 coartata
287 510 426 573 tamenin
444 509 496 567 illis
515 517 546 567 et
563 509 592 567 iu
612 510 721 569 Cereris
739 528 820 569 sacro
837 520 955 590 propter
972 529 1100 588 graecam
1118 512 1246 574 fabulam

143 609 218 669 idem
236 623 339 665 numen
358 602 473 663 diuersis
497 602 653 663 nominibus
679 614 868 703 consecratum
893 622 955 664 esse
979 613 1037 662 tam
1063 607 1247 686 estmirnm,

141 721 228 781 quam
248 698 412 759 uerosimila.

124 824 126 828 ⁷
220 795 366 855 iunonis
385 790 548 868 cognomina
566 787 668 849 iudicat
687 789 821 851 Ouidius:
845 796 875 865 1,
894 789 932 849 66
956 790 1129 870 Celenderis,
1150 805 1184 855 ut
1202 797 1248 855 ui-

143 890 235 951 detur.
274 888 316 945 lta
335 886 407 944 euim
427 887 570 964 appellata
588 893 631 943 est
649 903 666 942 a
685 884 870 943 Laurentibus
889 893 1010 946 testante
1028 887 1173 946 Macrobio
1190 899 1248 948 sat.

145 987 220 1058 1‚9;
232 981 280 1056 16,
300 980 374 1038 culta
389 980 510 1054 Romae,
531 988 599 1037 nota
618 976 694 1056 apud
706 976 838 1035 Etruscos
857 979 1020 1039 coniiciente
1031 980 1168 1039 Muellero
1180 982 1247 1043 Etr.

134 1084 175 1154 '²³
192 1097 222 1155 p.
231 1076 300 1149 324,
319 1074 366 1152 qui
385 1073 460 1150 quod
479 1075 514 1131 ab
535 1070 638 1131 Ouidio
657 1088 739 1133 sacra
757 1071 870 1130 Iunonis
889 1071 937 1130 ΚΡ
952 1073 1012 1132 Iun.
1031 1073 1104 1133 tradi
1121 1076 1248 1153 scripsit,

24 1192 32 1209 ¹
142 1189 200 1231 non
224 1169 263 1229 ita
288 1177 340 1227 est.
384 1168 456 1225 Cum
481 1166 558 1244 apud
581 1163 754 1225 macrobium
772 1163 803 1221 ll.
823 1162 881 1223 ind.
901 1174 1018 1243 propter
1040 1167 1111 1226 istnc
1131 1169 1247 1230 lunonis

143 1273 244 1323 nomen
267 1270 297 1319 et
322 1278 421 1319 munus
441 1262 522 1320 lanus
541 1259 672 1318 lunonins
690 1255 842 1316 secundum
862 1257 1016 1318 Varronem
1041 1258 1132 1320 dictus
1157 1263 1246 1321 tradi-

141 1367 200 1431 tnr,
219 1352 412 1431 intelligendus
433 1362 476 1412 est
493 1353 582 1412 cultus
597 1353 740 1430 utriusque
759 1351 877 1408 numinis
896 1352 993 1430 aliquis
1012 1356 1174 1431 communis,
1193 1375 1248 1415 cu·

141 1450 185 1507 ius
203 1448 303 1506 iudicia
320 1455 417 1508 extant
436 1446 512 1524 apud
528 1445 660 1504 Ouidium
675 1451 704 1520 1,
714 1444 771 1501 266
780 1461 823 1521 tq.
861 1443 966 1502 Similia
985 1457 1051 1505 suut
1069 1448 1145 1526 apud
1165 1449 1245 1527 Virg.

141 1544 213 1601 Aen.
224 1545 255 1616 7,
267 1543 438 1599 620-623.
472 1540 533 1598 Clr.
546 1539 661 1600 Samius
679 1536 715 1595 ad
736 1557 764 1598 ιι.
778 1539 850 1597 61οι
869 1537 947 1596 Idem
965 1539 1074 1611 (lanus)
1091 1544 1246 1613 Iunonium

141 1635 206 1696 iada
223 1635 336 1712 pulcinos
349 1638 421 1692 luiso
439 1641 540 1711 portos
558 1634 665 1708 operas
682 1631 783 1689 dicitur
802 1640 831 1689 ct
843 1630 879 1689 ad
894 1639 925 1708 2,
940 1636 1014 1693 61οι
1033 1640 1065 1692 nl
1078 1642 1179 1710 portur
1189 1640 1245 1696 Ιιι-

141 1741 253 1799 nouam,
279 1745 399 1804 maram
424 1727 476 1785 dou
499 1733 554 1785 erl:
578 1734 646 1783 nom
663 1732 775 1803 portuno
798 1725 911 1783 luminis
932 1727 1106 1799 scamillos
1122 1730 1243 1806 pracial.

140 1823 211 1881 lnuu
230 1821 345 1879 Sororia
364 1821 439 1878 culta
457 1829 500 1878 cst
519 1837 581 1877 cnm
600 1819 669 1877 lano
690 1818 825 1893 Curiatio,
843 1819 958 1896 Dionys.
972 1822 1036 1879 Hal.
1050 1826 1080 1895 3,
1091 1827 1142 1880 22.
1170 1824 1243 1883 Pro·

142 1917 247 1973 nimum
267 1923 311 1971 est
329 1915 459 1990 Sospitae
483 1931 636 1991 cognomen
653 1917 685 1986 2,
699 1912 754 1986 66,
779 1929 796 1968 a
815 1912 966 1971 Lanuuinis
989 1924 1156 1991 acceptum,
1178 1910 1242 1975 uide

42 2015 44 2018 ’
140 2005 314 2065 Ambroschii
331 2007 545 2086 disputationem
565 2025 594 2083 p.
605 2007 746 2080 184,186.
780 2006 876 2065 Ferias
894 2005 944 2065 lias
957 2007 1006 2065 Kl'
1020 2008 1158 2068 Februar.
1175 2029 1241 2088 neg-

47 2148 52 2157 .
139 2101 207 2159 laxit
224 2100 375 2159 Muellerus
396 2100 417 2158 l.
432 2097 491 2157 ind.
527 2098 649 2157 Dubium
668 2118 724 2157 uon
746 2109 800 2172 est,
819 2100 884 2176 quin
905 2089 1091 2159 dedicationes
1110 2101 1240 2180 prudenti

140 2194 248 2253 dierum
274 2193 384 2254 delectu
409 2193 470 2251 sieri
495 2193 698 2251 consueuerint.
743 2192 817 2250 Nam
836 2196 962 2252 Lucinae
983 2213 1095 2272 quoquc
1118 2215 1240 2273 morum,

139 2304 214 2363 quae
239 2286 315 2361 apud
335 2285 468 2345 Ouidium
488 2295 530 2344 est
549 2292 580 2360 2,
599 2285 781 2360 rsa-4503
804 2291 835 2361 3,
854 2283 1015 2347 247-268
1039 2290 1069 2346 iu
1086 2289 1135 2347 Kl’
1152 2291 1240 2351 Mart.

139 2379 245 2437 incidit.
284 2380 409 2437 Nominis
435 2379 630 2454 originatiuues
650 2378 802 2438 Ouidianas
820 2381 942 2438 intrenies
965 2380 1041 2458 apud
1062 2381 1142 2440 Vaut.
1162 2382 1200 2442 de
1219 2386 1238 2443 Ι.

140 2457 211 2545 1.’6,
230 2473 281 2546 49,
300 2474 348 2541 69,
367 2471 451 2530 Seru.
471 2472 491 2530 l.
511 2491 597 2549 supra
615 2472 826 2548 iud.‚<tertiam‚
847 2489 921 2550 quae
939 2482 982 2529 cst
1000 2477 1029 2542 6,
1048 2476 1098 2548 39,
1116 2475 1239 2535 fortassis

139 2565 216 2643 apud
236 2565 323 2622 Laur.
344 2564 417 2639 Lyd.
431 2568 461 2640 4,
475 2569 526 2639 29,
546 2585 576 2642 p.
589 2569 658 2624 186ι
684 2559 778 2625 Κατὰ
797 2560 832 2624 δὲ
850 2558 907 2640 τὴν
926 2557 1051 2642 πρώτην
1070 2566 1127 2625 τοῦ
1144 2566 1240 2645 Μαρ-

139 2651 434 2733 τίου.μηνός“Ὴραν
454 2653 565 2732 ἐτίμων
585 2651 676 2716 οἱονεὶ
694 2652 751 2734 τὴν
763 2650 899 2736 Σελήνην
919 2651 973 2716 διὰ
992 2653 1047 2735 ciis
1066 2658 1238 2736 νεομηνίαν.

139 2751 216 2811 Fieri
236 2753 310 2811 enim
329 2760 421 2829 potest
435 2760 466 2810 ut
480 2750 599 2810 Ouidius
618 2753 773 2811 meminerit
788 2754 899 2812 lunonis
916 2753 1042 2813 cooollm
1061 2754 1137 2832 apud
1157 2756 1237 2848 Varp.

138 2845 177 2904 de
194 2847 213 2905 l.
231 2847 251 2905 l.
268 2849 296 2916 6,
312 2849 360 2919 27,
381 2863 548 2922 quamquam
567 2846 717 2923 simplicior
736 2847 790 2904 loci
809 2847 964 2905 intellectus
983 2846 1011 2904 in
1033 2858 1166 2925 promptu
1185 2859 1235 2908 est.

138 2941 264 2999 aaaron
282 2957 317 2997 eo
336 2940 364 2998 iu
385 2939 448 2997 loco
466 2939 540 2997 idem
558 2938 722 3016 significant,
742 2939 1056 3016 quadriduanus:
1075 2941 1175 3000 liliolus
1192 2961 1236 3000 se-

136 3032 244 3092 marrim
262 3033 315 3091 hoc
333 3033 361 3090 in
380 3033 443 3090 loco
463 3033 502 3091 ita
521 3033 639 3108 dicitur,
658 3045 690 3092 ut
708 3053 803 3092 rumor
820 3033 956 3092 seniores
973 3032 1050 3111 apud
1068 3034 1148 3113 Virg.
1168 3038 1235 3095 Aen.

137 3129 170 3199 8,
183 3129 232 3200 92,
252 3144 336 3185 suun
353 3125 475 3184 secundo
495 3126 570 3204 apud
591 3127 675 3186 Seru.
693 3129 764 3186 Aen.
785 3134 831 3198 ll,
845 3130 912 3196 739,
931 3126 1051 3185 contrado
1068 3128 1144 3206 ioqrd
1162 3129 1235 3207 apud

138 3218 259 3278 Ennium
279 3220 354 3282 Gall.
375 3227 422 3290 12,
436 3223 467 3294 4,
494 3223 588 3279 omnio
610 3221 730 3280 meando
749 3220 944 3291 elebodienlio
969 3223 1062 3279 nescio
1088 3223 1136 3280 ubi
1161 3222 1235 3301 apud

137 3311 310 3370 Sallustium.
350 3315 381 3371 lu
406 3314 541 3391 lupercali
564 3331 649 3370 sacro
667 3316 703 3371 ab
724 3313 826 3372 Ouidio
844 3318 874 3382 2,
896 3314 953 3369 447
978 3316 1135 3391 putauerim
1154 3317 1235 3374 luno·

138 3423 202 3463 nem
217 3407 368 3478 Februlim‚
387 3408 469 3466 Paul.
482 3406 563 3465 Diae.
577 3406 667 3484 pan,
680 3408 724 3476 14,
745 3426 796 3482 pro
810 3406 916 3463 Lucina
930 3408 1124 3466 nominandam
1137 3410 1234 3468 suisset

138 3516 167 3556 u.
178 3488 236 3554 ’439
255 3509 333 3556 sacer
350 3500 442 3557 laicata
461 3499 591 3557 admouet
611 3499 722 3557 lunonis
740 3501 911 3577 Caprotinae
930 3498 1005 3576 apud
1024 3501 1107 3561 Varr.
1126 3503 1162 3561 de
1181 3505 1200 3562 l.
1214 3504 1233 3562 l.

136 3593 219 3662 6,18
240 3600 269 3647 et
288 3593 397 3649 amiculi
416 3592 528 3649 lunonis
546 3591 623 3668 apud
641 3592 732 3657 Cicer.
751 3594 788 3652 de
806 3603 865 3652 uat.
881 3593 959 3650 deor.
980 3598 1009 3666 1,
1023 3595 1073 3669 29,
1083 3600 1131 3655 82.
1165 3596 1234 3655 luno

136 3684 256 3758 Reputo,
276 3681 334 3742 ou.
346 3686 376 3757 6,
389 3687 438 3752 37,
456 3683 538 3743 Varo.
557 3685 593 3743 sr.
607 3689 655 3760 18,
677 3684 713 3744 de
729 3687 749 3745 1.
764 3687 784 3744 Ι.
796 3687 824 3756 6,
837 3690 886 3761 67,
909 3687 984 3744 Veiis
1003 3699 1122 3747 euocata
1135 3690 1233 3748 aedem

137 3774 235 3836 habuit
255 3777 284 3833 iu
304 3786 398 3835 monte
416 3778 565 3852 Auentino,
582 3777 648 3837 Liu.
665 3777 694 3843 6,
708 3783 763 3853 ²33
780 3785 831 3854 22,
846 3785 874 3838 2.
914 3780 992 3836 Haec
1011 3783 1174 3856 cognomina
1188 3782 1233 3839 In·

135 3869 203 3925 noni
219 3868 317 3935 addita
333 3862 463 3927 uidentur
480 3880 544 3944 post
558 3872 742 3949 principatum
761 3872 838 3928 illum
852 3872 1050 3949 Capitolinum,
1071 3873 1129 3932 ou.
1143 3878 1175 3950 6,
1185 3879 1232 3933 73.

135 3960 221 4034 Quod
235 3970 323 4021 restat
335 3965 479 4045 dinanno,
496 3964 528 4035 6,
542 3967 608 4037 183,
626 3982 662 4021 ex
681 3964 892 4040 indigitamentis
906 3968 1054 4042 repetitum
1073 3970 1231 4044 putauerim

134 4063 164 4111 et
182 4072 326 4130 superesse
344 4074 379 4113 en
399 4074 433 4114 eo
452 4065 591 4132 tempore,
609 4076 665 4133 quo
684 4059 795 4116 lunonis
816 4077 916 4116 nomeu
935 4061 1065 4136 generale
1084 4072 1114 4118 et
1133 4062 1231 4139 appel·

134 4144 261 4220 latinum,
280 4148 355 4225 quod
374 4149 484 4228 dicitur,
503 4150 572 4209 l'uitc
597 4152 677 4208 caius
694 4153 734 4209 rei
753 4151 881 4209 indicium
903 4162 947 4211 est
968 4153 1043 4230 quod
1061 4154 1099 4213 de
1117 4155 1229 4215 lunoni·
