<?xml version="1.0" encoding="UTF-8"?>
<!DOCTYPE html PUBLIC "-//W3C//DTD XHTML 1.0 Transitional//EN"
    "http://www.w3.org/TR/xhtml1/DTD/xhtml1-transitional.dtd">
<html xmlns="http://www.w3.org/1999/xhtml" xml:lang="en" lang="en">
 <head>
  <title>
</title>
<meta http-equiv="Content-Type" content="text/html;charset=utf-8" />
  <meta name='ocr-system' content='tesseract 3.04.00' />
  <meta name='ocr-capabilities' content='ocr_page ocr_carea ocr_par ocr_line ocrx_word'/>
</head>
<body>
  <div class='ocr_page' id='page_1' title='image "./fastorumlibrise01ovidgoog_0202.png"; bbox 0 0 2550 4574; ppageno 0'>
   <div class='ocr_carea' id='block_1_1' title="bbox 55 212 1169 477">
    <p class='ocr_par' dir='ltr' id='par_1_1' title="bbox 55 212 1169 477">
     <span class='ocr_line' id='line_1_1' title="bbox 541 212 1169 297; baseline -0.002 0"><span class='ocrx_word' id='word_1_1' title='bbox 541 240 672 297; x_wconf 72' lang='lat' dir='ltr'>murm</span> <span class='ocrx_word' id='word_1_2' title='bbox 1070 212 1169 297; x_wconf 71' lang='lat' dir='ltr'>:oxon</span> 
     </span>
     <span class='ocr_line' id='line_1_2' title="bbox 55 366 1161 477; baseline 0.007 -22"><span class='ocrx_word' id='word_1_3' title='bbox 55 366 605 471; x_wconf 54' lang='lat' dir='ltr'>metaneam&#39;uueonso</span> <span class='ocrx_word' id='word_1_4' title='bbox 622 392 1161 477; x_wconf 55' lang='lat' dir='ltr'>autumusummou</span> 
     </span>
    </p>
   </div>
   <div class='ocr_carea' id='block_1_2' title="bbox 56 468 1161 850">
    <p class='ocr_par' dir='ltr' id='par_1_2' title="bbox 56 468 1161 850">
     <span class='ocr_line' id='line_1_3' title="bbox 56 468 1161 568; baseline 0.001 -20"><span class='ocrx_word' id='word_1_5' title='bbox 56 500 160 548; x_wconf 86' lang='lat' dir='ltr'>contre</span> <span class='ocrx_word' id='word_1_6' title='bbox 185 488 228 549; x_wconf 83' lang='lat' dir='ltr'>de.</span> <span class='ocrx_word' id='word_1_7' title='bbox 238 488 403 548; x_wconf 83' lang='lat' dir='ltr'>Latinorum</span> <span class='ocrx_word' id='word_1_8' title='bbox 426 491 648 567; x_wconf 75' lang='lat' dir='ltr'><strong>generationibus</strong></span> <span class='ocrx_word' id='word_1_9' title='bbox 675 488 792 549; x_wconf 85' lang='lat' dir='ltr'>deorum</span> <span class='ocrx_word' id='word_1_10' title='bbox 808 489 952 549; x_wconf 60' lang='lat' dir='ltr'>,dicerene</span> <span class='ocrx_word' id='word_1_11' title='bbox 975 506 1079 568; x_wconf 77' lang='lat' dir='ltr'>oasqm</span> <span class='ocrx_word' id='word_1_12' title='bbox 1096 468 1161 557; x_wconf 71' lang='lat' dir='ltr'>cuni</span> 
     </span>
     <span class='ocr_line' id='line_1_4' title="bbox 56 582 1159 665; baseline 0.003 -23"><span class='ocrx_word' id='word_1_13' title='bbox 56 583 211 642; x_wconf 77' lang='lat' dir='ltr'>Euhemeri</span> <span class='ocrx_word' id='word_1_14' title='bbox 219 614 229 625; x_wconf 88' lang='lat'>··</span> <span class='ocrx_word' id='word_1_15' title='bbox 242 583 352 661; x_wconf 85' lang='lat' dir='ltr'>placitis</span> <span class='ocrx_word' id='word_1_16' title='bbox 378 583 583 662; x_wconf 80' lang='lat' dir='ltr'>quodammodo</span> <span class='ocrx_word' id='word_1_17' title='bbox 608 582 737 665; x_wconf 78' lang='lat' dir='ltr'>conferre</span> <span class='ocrx_word' id='word_1_18' title='bbox 765 584 943 643; x_wconf 83' lang='lat' dir='ltr'>Clnmeuium</span> <span class='ocrx_word' id='word_1_19' title='bbox 968 603 999 661; x_wconf 91' lang='lat' dir='ltr'>p.</span> <span class='ocrx_word' id='word_1_20' title='bbox 1019 585 1077 643; x_wconf 67' lang='lat'>8³5</span> <span class='ocrx_word' id='word_1_21' title='bbox 1096 604 1159 665; x_wconf 75' lang='lat' dir='ltr'>sqq.</span> 
     </span>
     <span class='ocr_line' id='line_1_5' title="bbox 57 676 1161 756; baseline 0.002 -19"><span class='ocrx_word' id='word_1_22' title='bbox 57 677 238 756; x_wconf 86' lang='lat' dir='ltr'>eundemque</span> <span class='ocrx_word' id='word_1_23' title='bbox 262 679 364 754; x_wconf 71' lang='lat'>,2:907</span> <span class='ocrx_word' id='word_1_24' title='bbox 390 696 445 736; x_wconf 88' lang='lat' dir='ltr'>nnn</span> <span class='ocrx_word' id='word_1_25' title='bbox 473 679 610 756; x_wconf 77' lang='lat' dir='ltr'>probate,</span> <span class='ocrx_word' id='word_1_26' title='bbox 636 678 783 756; x_wconf 85' lang='lat' dir='ltr'>quominus</span> <span class='ocrx_word' id='word_1_27' title='bbox 809 676 1161 754; x_wconf 70' lang='lat' dir='ltr'>deorumiadipetuouln</span> 
     </span>
     <span class='ocr_line' id='line_1_6' title="bbox 58 770 1161 850; baseline 0.001 -20"><span class='ocrx_word' id='word_1_28' title='bbox 58 773 143 830; x_wconf 84' lang='lat' dir='ltr'>istum</span> <span class='ocrx_word' id='word_1_29' title='bbox 168 788 280 831; x_wconf 78' lang='lat' dir='ltr'>sensum</span> <span class='ocrx_word' id='word_1_30' title='bbox 305 771 496 848; x_wconf 78' lang='lat' dir='ltr'>interpretatio</span> <span class='ocrx_word' id='word_1_31' title='bbox 514 771 647 831; x_wconf 78' lang='lat' dir='ltr'>¹ltorronis</span> <span class='ocrx_word' id='word_1_32' title='bbox 675 790 737 831; x_wconf 84' lang='lat' dir='ltr'>esse</span> <span class='ocrx_word' id='word_1_33' title='bbox 761 771 894 850; x_wconf 87' lang='lat' dir='ltr'>potuerit.</span> <span class='ocrx_word' id='word_1_34' title='bbox 913 770 998 832; x_wconf 89' lang='lat' dir='ltr'>.Non</span> <span class='ocrx_word' id='word_1_35' title='bbox 1014 770 1161 831; x_wconf 76' lang='lat' dir='ltr'>eutimius</span> 
     </span>
    </p>
   </div>
   <div class='ocr_carea' id='block_1_3' title="bbox 58 857 1258 942">
    <p class='ocr_par' dir='ltr' id='par_1_3' title="bbox 58 857 1258 942">
     <span class='ocr_line' id='line_1_7' title="bbox 58 857 1258 942; baseline -0.003 -16"><span class='ocrx_word' id='word_1_36' title='bbox 58 864 113 926; x_wconf 82' lang='lat' dir='ltr'>loci</span> <span class='ocrx_word' id='word_1_37' title='bbox 132 865 204 924; x_wconf 80' lang='lat' dir='ltr'>hoec</span> <span class='ocrx_word' id='word_1_38' title='bbox 222 862 383 942; x_wconf 80' lang='lat' dir='ltr'>expendere</span> <span class='ocrx_word' id='word_1_39' title='bbox 401 865 573 923; x_wconf 79' lang='lat' dir='ltr'>accuratiora</span> <span class='ocrx_word' id='word_1_40' title='bbox 599 865 745 925; x_wconf 86' lang='lat' dir='ltr'>dicendum</span> <span class='ocrx_word' id='word_1_41' title='bbox 765 867 839 924; x_wconf 88' lang='lat' dir='ltr'>eniin</span> <span class='ocrx_word' id='word_1_42' title='bbox 857 866 932 929; x_wconf 81' lang='lat' dir='ltr'>forat</span> <span class='ocrx_word' id='word_1_43' title='bbox 949 865 988 925; x_wconf 87' lang='lat' dir='ltr'>de</span> <span class='ocrx_word' id='word_1_44' title='bbox 1004 866 1161 929; x_wconf 74' lang='lat' dir='ltr'>nominituo</span> <span class='ocrx_word' id='word_1_45' title='bbox 1256 857 1258 861; x_wconf 67' lang='grc'><strong>’</strong></span> 
     </span>
    </p>
   </div>
   <div class='ocr_carea' id='block_1_4' title="bbox 56 956 1208 2727">
    <p class='ocr_par' dir='ltr' id='par_1_4' title="bbox 56 956 1208 2727">
     <span class='ocr_line' id='line_1_8' title="bbox 58 956 1161 1038; baseline -0.002 -19"><span class='ocrx_word' id='word_1_46' title='bbox 58 960 147 1019; x_wconf 82' lang='lat' dir='ltr'>molto</span> <span class='ocrx_word' id='word_1_47' title='bbox 166 959 302 1038; x_wconf 82' lang='lat' dir='ltr'>pluribus.</span> <span class='ocrx_word' id='word_1_48' title='bbox 342 956 427 1026; x_wconf 88' lang='lat' dir='ltr'>Quod</span> <span class='ocrx_word' id='word_1_49' title='bbox 442 972 482 1015; x_wconf 79' lang='lat' dir='ltr'>ex</span> <span class='ocrx_word' id='word_1_50' title='bbox 504 958 554 1033; x_wconf 83' lang='lat' dir='ltr'>iis,</span> <span class='ocrx_word' id='word_1_51' title='bbox 567 964 645 1038; x_wconf 84' lang='lat' dir='ltr'>&#39;quae</span> <span class='ocrx_word' id='word_1_52' title='bbox 661 960 736 1017; x_wconf 83' lang='lat' dir='ltr'>dieta</span> <span class='ocrx_word' id='word_1_53' title='bbox 761 958 998 1032; x_wconf 82' lang='lat' dir='ltr'>oont,&#39;euincitor</span> <span class='ocrx_word' id='word_1_54' title='bbox 1023 957 1078 1023; x_wconf 80' lang='lat' dir='ltr'>ltus</span> <span class='ocrx_word' id='word_1_55' title='bbox 1104 966 1161 1032; x_wconf 83' lang='lat' dir='ltr'>est,</span> 
     </span>
     <span class='ocr_line' id='line_1_9' title="bbox 59 1050 1160 1130; baseline -0.003 -18"><span class='ocrx_word' id='word_1_56' title='bbox 59 1054 233 1128; x_wconf 84' lang='lat' dir='ltr'>Varronem,</span> <span class='ocrx_word' id='word_1_57' title='bbox 258 1054 282 1110; x_wconf 86' lang='lat' dir='ltr'>si</span> <span class='ocrx_word' id='word_1_58' title='bbox 301 1051 368 1110; x_wconf 85' lang='lat' dir='ltr'>deno</span> <span class='ocrx_word' id='word_1_59' title='bbox 389 1059 480 1109; x_wconf 85' lang='lat' dir='ltr'>certos</span> <span class='ocrx_word' id='word_1_60' title='bbox 493 1050 572 1110; x_wconf 40' lang='lat' dir='ltr'>,dixit</span> <span class='ocrx_word' id='word_1_61' title='bbox 594 1064 713 1130; x_wconf 85' lang='lat' dir='ltr'>quorum</span> <span class='ocrx_word' id='word_1_62' title='bbox 732 1051 857 1109; x_wconf 88' lang='lat' dir='ltr'>condicio</span> <span class='ocrx_word' id='word_1_63' title='bbox 877 1071 911 1110; x_wconf 84' lang='lat' dir='ltr'>ex</span> <span class='ocrx_word' id='word_1_64' title='bbox 930 1071 987 1130; x_wconf 89' lang='lat' dir='ltr'>quo</span> <span class='ocrx_word' id='word_1_65' title='bbox 1006 1051 1160 1115; x_wconf 87' lang='lat' dir='ltr'>consecrati</span> 
     </span>
     <span class='ocr_line' id='line_1_10' title="bbox 59 1138 1161 1223; baseline -0.004 -16"><span class='ocrx_word' id='word_1_66' title='bbox 59 1156 125 1207; x_wconf 88' lang='lat' dir='ltr'>sunt</span> <span class='ocrx_word' id='word_1_67' title='bbox 139 1166 196 1207; x_wconf 92' lang='lat' dir='ltr'>non</span> <span class='ocrx_word' id='word_1_68' title='bbox 209 1152 382 1218; x_wconf 78' lang='lat' dir='ltr'>estmutata,</span> <span class='ocrx_word' id='word_1_69' title='bbox 403 1142 530 1202; x_wconf 80' lang='lat' dir='ltr'>debuisse</span> <span class='ocrx_word' id='word_1_70' title='bbox 545 1142 612 1203; x_wconf 86' lang='lat' dir='ltr'>iude</span> <span class='ocrx_word' id='word_1_71' title='bbox 627 1147 663 1203; x_wconf 87' lang='lat' dir='ltr'>ab</span> <span class='ocrx_word' id='word_1_72' title='bbox 682 1146 766 1214; x_wconf 75' lang='lat' dir='ltr'>initiis</span> <span class='ocrx_word' id='word_1_73' title='bbox 784 1146 952 1222; x_wconf 83' lang='lat' dir='ltr'>reipublicae</span> <span class='ocrx_word' id='word_1_74' title='bbox 971 1138 1161 1223; x_wconf 78' lang='lat' dir='ltr'>dupieuillod</span> 
     </span>
     <span class='ocr_line' id='line_1_11' title="bbox 59 1236 1161 1318; baseline -0.005 -18"><span class='ocrx_word' id='word_1_75' title='bbox 59 1260 147 1318; x_wconf 82' lang='lat' dir='ltr'>genus</span> <span class='ocrx_word' id='word_1_76' title='bbox 171 1239 294 1299; x_wconf 82' lang='lat' dir='ltr'>deorum.</span> <span class='ocrx_word' id='word_1_77' title='bbox 306 1236 342 1297; x_wconf 83' lang='lat' dir='ltr'>fr.</span> <span class='ocrx_word' id='word_1_78' title='bbox 360 1243 576 1313; x_wconf 74' lang='lat' dir='ltr'>Logooscere,</span> <span class='ocrx_word' id='word_1_79' title='bbox 589 1238 749 1318; x_wconf 84' lang='lat' dir='ltr'>prinsquam</span> <span class='ocrx_word' id='word_1_80' title='bbox 777 1239 836 1295; x_wconf 88' lang='lat' dir='ltr'>utta</span> <span class='ocrx_word' id='word_1_81' title='bbox 854 1238 1026 1311; x_wconf 81' lang='lat' dir='ltr'>Graecorum</span> <span class='ocrx_word' id='word_1_82' title='bbox 1050 1237 1161 1307; x_wconf 73' lang='lat' dir='ltr'>faturia·¹</span> 
     </span>
     <span class='ocr_line' id='line_1_12' title="bbox 58 1329 1161 1409; baseline -0.001 -16"><span class='ocrx_word' id='word_1_83' title='bbox 58 1354 121 1393; x_wconf 84' lang='lat' dir='ltr'>rum</span> <span class='ocrx_word' id='word_1_84' title='bbox 137 1333 270 1409; x_wconf 77' lang='lat' dir='ltr'>contagio</span> <span class='ocrx_word' id='word_1_85' title='bbox 289 1332 411 1397; x_wconf 83' lang='lat' dir='ltr'>insertos</span> <span class='ocrx_word' id='word_1_86' title='bbox 430 1329 648 1391; x_wconf 69' lang='lat' dir='ltr'>dementent.</span> <span class='ocrx_word' id='word_1_87' title='bbox 687 1330 746 1389; x_wconf 85' lang='lat' dir='ltr'>laur</span> <span class='ocrx_word' id='word_1_88' title='bbox 763 1332 875 1389; x_wconf 84' lang='lat' dir='ltr'>numina</span> <span class='ocrx_word' id='word_1_89' title='bbox 893 1334 942 1391; x_wconf 84' lang='lat' dir='ltr'>illo</span> <span class='ocrx_word' id='word_1_90' title='bbox 959 1333 996 1392; x_wconf 84' lang='lat' dir='ltr'>fr.</span> <span class='ocrx_word' id='word_1_91' title='bbox 1006 1335 1093 1391; x_wconf 73' lang='grc'>3-7</span> <span class='ocrx_word' id='word_1_92' title='bbox 1103 1350 1161 1392; x_wconf 79' lang='lat' dir='ltr'>ox·</span> 
     </span>
     <span class='ocr_line' id='line_1_13' title="bbox 58 1418 1208 1508; baseline -0.004 -20"><span class='ocrx_word' id='word_1_93' title='bbox 58 1427 191 1508; x_wconf 79' lang='lat' dir='ltr'>plicaoda</span> <span class='ocrx_word' id='word_1_94' title='bbox 214 1434 295 1485; x_wconf 80' lang='lat' dir='ltr'>eraut</span> <span class='ocrx_word' id='word_1_95' title='bbox 318 1423 492 1501; x_wconf 84' lang='lat' dir='ltr'>ex&#39;linguae</span> <span class='ocrx_word' id='word_1_96' title='bbox 520 1424 621 1483; x_wconf 79' lang='lat' dir='ltr'>letinae</span> <span class='ocrx_word' id='word_1_97' title='bbox 650 1425 808 1502; x_wconf 73' lang='lat' dir='ltr'><strong>principiis,</strong></span> <span class='ocrx_word' id='word_1_98' title='bbox 839 1418 1019 1503; x_wconf 81' lang='lat' dir='ltr'>quamobrem</span> <span class='ocrx_word' id='word_1_99' title='bbox 1044 1427 1162 1495; x_wconf 69' lang='lat' dir='ltr'>testibua</span> <span class='ocrx_word' id='word_1_100' title='bbox 1205 1502 1208 1507; x_wconf 25' lang='grc' dir='ltr'><strong><em>Ι</em></strong></span> 
     </span>
     <span class='ocr_line' id='line_1_14' title="bbox 58 1515 1162 1599; baseline 0.001 -19"><span class='ocrx_word' id='word_1_101' title='bbox 58 1520 208 1599; x_wconf 77' lang='lat' dir='ltr'>fragmenti</span> <span class='ocrx_word' id='word_1_102' title='bbox 226 1520 264 1578; x_wconf 81' lang='lat'>15</span> <span class='ocrx_word' id='word_1_103' title='bbox 287 1518 376 1577; x_wconf 83' lang='lat' dir='ltr'>mults</span> <span class='ocrx_word' id='word_1_104' title='bbox 393 1515 431 1575; x_wconf 89' lang='lat' dir='ltr'>de</span> <span class='ocrx_word' id='word_1_105' title='bbox 457 1516 642 1594; x_wconf 77' lang='lat' dir='ltr'>etymologiae</span> <span class='ocrx_word' id='word_1_106' title='bbox 658 1516 774 1594; x_wconf 72' lang='lat' dir='ltr'>‚tegibus</span> <span class='ocrx_word' id='word_1_107' title='bbox 797 1520 937 1579; x_wconf 81' lang='lat' dir='ltr'>monuisse</span> <span class='ocrx_word' id='word_1_108' title='bbox 963 1519 1084 1581; x_wconf 83' lang='lat' dir='ltr'>uidenu.</span> <span class='ocrx_word' id='word_1_109' title='bbox 1123 1520 1162 1581; x_wconf 81' lang='lat' dir='ltr'>ili</span> 
     </span>
     <span class='ocr_line' id='line_1_15' title="bbox 59 1610 1162 1692; baseline 0 -19"><span class='ocrx_word' id='word_1_110' title='bbox 59 1615 108 1673; x_wconf 90' lang='lat' dir='ltr'>dei</span> <span class='ocrx_word' id='word_1_111' title='bbox 122 1634 187 1673; x_wconf 82' lang='lat' dir='ltr'>num</span> <span class='ocrx_word' id='word_1_112' title='bbox 202 1611 354 1672; x_wconf 83' lang='lat' dir='ltr'>secundum</span> <span class='ocrx_word' id='word_1_113' title='bbox 373 1611 442 1670; x_wconf 66' lang='lat' dir='ltr'>fud</span> <span class='ocrx_word' id='word_1_114' title='bbox 461 1612 489 1669; x_wconf 90' lang='lat' dir='ltr'>in</span> <span class='ocrx_word' id='word_1_115' title='bbox 509 1612 540 1670; x_wconf 88' lang='lat' dir='ltr'>iis</span> <span class='ocrx_word' id='word_1_116' title='bbox 559 1610 773 1686; x_wconf 73' lang='lat' dir='ltr'>indigitamentis</span> <span class='ocrx_word' id='word_1_117' title='bbox 790 1614 936 1692; x_wconf 76' lang='lat' dir='ltr'>perscripti</span> <span class='ocrx_word' id='word_1_118' title='bbox 954 1612 1069 1689; x_wconf 81' lang='lat' dir='ltr'>luerint,</span> <span class='ocrx_word' id='word_1_119' title='bbox 1087 1631 1162 1692; x_wconf 82' lang='lat' dir='ltr'>quoa</span> 
     </span>
     <span class='ocr_line' id='line_1_16' title="bbox 58 1705 1161 1785; baseline 0.002 -18"><span class='ocrx_word' id='word_1_120' title='bbox 58 1707 242 1785; x_wconf 74' lang='lat' dir='ltr'>Pnouplliuuo</span> <span class='ocrx_word' id='word_1_121' title='bbox 260 1716 404 1783; x_wconf 84' lang='lat' dir='ltr'>nuncupat</span> <span class='ocrx_word' id='word_1_122' title='bbox 418 1707 554 1763; x_wconf 80' lang='lat' dir='ltr'>Aroobius</span> <span class='ocrx_word' id='word_1_123' title='bbox 565 1710 597 1779; x_wconf 80' lang='lat'>2,</span> <span class='ocrx_word' id='word_1_124' title='bbox 611 1707 660 1774; x_wconf 77' lang='lat' dir='ltr'>ta,</span> <span class='ocrx_word' id='word_1_125' title='bbox 678 1705 785 1769; x_wconf 77' lang='lat' dir='ltr'>nescios</span> <span class='ocrx_word' id='word_1_126' title='bbox 805 1706 884 1765; x_wconf 81' lang='lat' dir='ltr'>iuuet</span> <span class='ocrx_word' id='word_1_127' title='bbox 901 1706 966 1765; x_wconf 86' lang='lat' dir='ltr'>lruic</span> <span class='ocrx_word' id='word_1_128' title='bbox 984 1709 1161 1773; x_wconf 69' lang='lat' dir='ltr'>coniectores</span> 
     </span>
     <span class='ocr_line' id='line_1_17' title="bbox 58 1799 1162 1871; baseline 0.002 -12"><span class='ocrx_word' id='word_1_129' title='bbox 58 1801 138 1859; x_wconf 79' lang='lat' dir='ltr'>locos</span> <span class='ocrx_word' id='word_1_130' title='bbox 157 1800 243 1859; x_wconf 87' lang='lat' dir='ltr'>Plinii·</span> <span class='ocrx_word' id='word_1_131' title='bbox 258 1799 399 1858; x_wconf 84' lang='lat' dir='ltr'>nat...hist.</span> <span class='ocrx_word' id='word_1_132' title='bbox 418 1800 465 1869; x_wconf 82' lang='grc'>18,</span> <span class='ocrx_word' id='word_1_133' title='bbox 484 1801 515 1871; x_wconf 85' lang='lat'>§.</span> <span class='ocrx_word' id='word_1_134' title='bbox 525 1801 553 1868; x_wconf 86' lang='grc'>7,</span> <span class='ocrx_word' id='word_1_135' title='bbox 571 1802 606 1856; x_wconf 80' lang='lat'>8:</span> <span class='ocrx_word' id='word_1_136' title='bbox 626 1801 725 1857; x_wconf 80' lang='lat' dir='ltr'>Nonou</span> <span class='ocrx_word' id='word_1_137' title='bbox 743 1801 864 1860; x_wconf 74' lang='lat' dir='ltr'>institnit</span> <span class='ocrx_word' id='word_1_138' title='bbox 877 1834 932 1864; x_wconf 77' lang='grc'>-,</span> <span class='ocrx_word' id='word_1_139' title='bbox 951 1806 984 1862; x_wconf 80' lang='lat' dir='ltr'>is</span> <span class='ocrx_word' id='word_1_140' title='bbox 1002 1808 1029 1861; x_wconf 81' lang='lat' dir='ltr'>et</span> <span class='ocrx_word' id='word_1_141' title='bbox 1047 1804 1162 1865; x_wconf 66' lang='lat' dir='ltr'>Fumo-</span> 
     </span>
     <span class='ocr_line' id='line_1_18' title="bbox 58 1890 1164 1972; baseline 0.004 -19"><span class='ocrx_word' id='word_1_142' title='bbox 58 1893 135 1953; x_wconf 81' lang='lat' dir='ltr'>nolio</span> <span class='ocrx_word' id='word_1_143' title='bbox 161 1896 282 1971; x_wconf 80' lang='lat' dir='ltr'>instituit</span> <span class='ocrx_word' id='word_1_144' title='bbox 307 1892 400 1966; x_wconf 71' lang='lat' dir='ltr'>tonia</span> <span class='ocrx_word' id='word_1_145' title='bbox 424 1890 548 1951; x_wconf 72' lang='lat' dir='ltr'>torrendi</span> <span class='ocrx_word' id='word_1_146' title='bbox 572 1890 661 1964; x_wconf 72' lang='lat' dir='ltr'>feius</span> <span class='ocrx_word' id='word_1_147' title='bbox 686 1898 713 1951; x_wconf 81' lang='lat' dir='ltr'>et</span> <span class='ocrx_word' id='word_1_148' title='bbox 739 1912 824 1971; x_wconf 80' lang='lat' dir='ltr'>noque</span> <span class='ocrx_word' id='word_1_149' title='bbox 852 1895 997 1972; x_wconf 76' lang='lat' dir='ltr'>religiosos</span> <span class='ocrx_word' id='word_1_150' title='bbox 1024 1899 1164 1957; x_wconf 66' lang='lat' dir='ltr'>tumtun</span> 
     </span>
     <span class='ocr_line' id='line_1_19' title="bbox 58 1975 1164 2065; baseline 0.002 -18"><span class='ocrx_word' id='word_1_151' title='bbox 58 2006 203 2065; x_wconf 77' lang='lat' dir='ltr'>nprmm.</span> <span class='ocrx_word' id='word_1_152' title='bbox 241 1991 306 2047; x_wconf 71' lang='lat' dir='ltr'>ilos</span> <span class='ocrx_word' id='word_1_153' title='bbox 331 1989 403 2045; x_wconf 76' lang='lat' dir='ltr'>ruint</span> <span class='ocrx_word' id='word_1_154' title='bbox 425 1984 497 2044; x_wconf 69' lang='lat' dir='ltr'>dom⁴</span> <span class='ocrx_word' id='word_1_155' title='bbox 510 1992 581 2049; x_wconf 82' lang='lat' dir='ltr'>tono.</span> <span class='ocrx_word' id='word_1_156' title='bbox 594 1989 716 2046; x_wconf 80' lang='lat' dir='ltr'>monimo</span> <span class='ocrx_word' id='word_1_157' title='bbox 733 1975 887 2060; x_wconf 74' lang='lat' dir='ltr'>comeant,</span> <span class='ocrx_word' id='word_1_158' title='bbox 911 1993 1062 2065; x_wconf 72' lang='lat' dir='ltr'>sonnon-</span> <span class='ocrx_word' id='word_1_159' title='bbox 1076 2009 1097 2055; x_wconf 82' lang='lat' dir='ltr'>o</span> <span class='ocrx_word' id='word_1_160' title='bbox 1113 2008 1164 2049; x_wconf 55' lang='lat' dir='ltr'>so«</span> 
     </span>
     <span class='ocr_line' id='line_1_20' title="bbox 57 2077 1162 2165; baseline 0 -24"><span class='ocrx_word' id='word_1_161' title='bbox 57 2082 154 2165; x_wconf 76' lang='lat' dir='ltr'>mdo,</span> <span class='ocrx_word' id='word_1_162' title='bbox 173 2084 319 2157; x_wconf 66' lang='lat' dir='ltr'>segestam</span> <span class='ocrx_word' id='word_1_163' title='bbox 330 2099 350 2139; x_wconf 87' lang='lat' dir='ltr'>n</span> <span class='ocrx_word' id='word_1_164' title='bbox 363 2077 496 2154; x_wconf 65' lang='lat' dir='ltr'>capotius</span> <span class='ocrx_word' id='word_1_165' title='bbox 509 2077 687 2155; x_wconf 83' lang='lat' dir='ltr'>uppolioinnt</span> <span class='ocrx_word' id='word_1_166' title='bbox 699 2113 755 2155; x_wconf 89' lang='lat'>·-,</span> <span class='ocrx_word' id='word_1_167' title='bbox 776 2082 854 2140; x_wconf 84' lang='lat' dir='ltr'>lauet</span> <span class='ocrx_word' id='word_1_168' title='bbox 873 2082 985 2156; x_wconf 86' lang='lat' dir='ltr'>deinde,</span> <span class='ocrx_word' id='word_1_169' title='bbox 1004 2082 1080 2161; x_wconf 86' lang='lat' dir='ltr'>quod</span> <span class='ocrx_word' id='word_1_170' title='bbox 1094 2084 1162 2141; x_wconf 85' lang='lat' dir='ltr'>siru-</span> 
     </span>
     <span class='ocr_line' id='line_1_21' title="bbox 56 2173 1161 2254; baseline 0.001 -20"><span class='ocrx_word' id='word_1_171' title='bbox 56 2177 168 2254; x_wconf 82' lang='lat' dir='ltr'>plicitus</span> <span class='ocrx_word' id='word_1_172' title='bbox 187 2175 244 2233; x_wconf 68' lang='lat' dir='ltr'>istu,</span> <span class='ocrx_word' id='word_1_173' title='bbox 259 2183 287 2233; x_wconf 89' lang='lat' dir='ltr'>et</span> <span class='ocrx_word' id='word_1_174' title='bbox 307 2174 504 2250; x_wconf 77' lang='lat' dir='ltr'>perspicuitas,</span> <span class='ocrx_word' id='word_1_175' title='bbox 525 2183 583 2231; x_wconf 91' lang='lat' dir='ltr'>tum</span> <span class='ocrx_word' id='word_1_176' title='bbox 603 2173 718 2232; x_wconf 84' lang='lat' dir='ltr'>sollicita</span> <span class='ocrx_word' id='word_1_177' title='bbox 736 2175 790 2233; x_wconf 87' lang='lat' dir='ltr'>ista</span> <span class='ocrx_word' id='word_1_178' title='bbox 811 2175 952 2233; x_wconf 87' lang='lat' dir='ltr'>numinum</span> <span class='ocrx_word' id='word_1_179' title='bbox 972 2194 1024 2252; x_wconf 90' lang='lat' dir='ltr'>per</span> <span class='ocrx_word' id='word_1_180' title='bbox 1042 2177 1097 2235; x_wconf 81' lang='lat' dir='ltr'>elia</span> <span class='ocrx_word' id='word_1_181' title='bbox 1116 2185 1161 2235; x_wconf 84' lang='lat' dir='ltr'>at·</span> 
     </span>
     <span class='ocr_line' id='line_1_22' title="bbox 58 2265 1161 2348; baseline 0 -20"><span class='ocrx_word' id='word_1_182' title='bbox 58 2289 114 2348; x_wconf 84' lang='lat' dir='ltr'>que</span> <span class='ocrx_word' id='word_1_183' title='bbox 133 2269 189 2327; x_wconf 85' lang='lat' dir='ltr'>alia</span> <span class='ocrx_word' id='word_1_184' title='bbox 214 2268 324 2326; x_wconf 89' lang='lat' dir='ltr'>nomina</span> <span class='ocrx_word' id='word_1_185' title='bbox 346 2276 479 2343; x_wconf 78' lang='lat' dir='ltr'>tunquam</span> <span class='ocrx_word' id='word_1_186' title='bbox 507 2265 570 2323; x_wconf 90' lang='lat' dir='ltr'>rudi</span> <span class='ocrx_word' id='word_1_187' title='bbox 594 2266 687 2343; x_wconf 87' lang='lat' dir='ltr'>aliqua</span> <span class='ocrx_word' id='word_1_188' title='bbox 714 2268 823 2343; x_wconf 82' lang='lat' dir='ltr'>pictura</span> <span class='ocrx_word' id='word_1_189' title='bbox 842 2267 990 2346; x_wconf 83' lang='lat' dir='ltr'>descriptio</span> <span class='ocrx_word' id='word_1_190' title='bbox 1009 2273 1161 2345; x_wconf 81' lang='lat' dir='ltr'>conuenire</span> 
     </span>
     <span class='ocr_line' id='line_1_23' title="bbox 64 2360 1162 2439; baseline 0.005 -18"><span class='ocrx_word' id='word_1_191' title='bbox 64 2363 178 2421; x_wconf 88' lang='lat' dir='ltr'>uidetur</span> <span class='ocrx_word' id='word_1_192' title='bbox 195 2361 235 2419; x_wconf 89' lang='lat' dir='ltr'>illi</span> <span class='ocrx_word' id='word_1_193' title='bbox 251 2361 352 2433; x_wconf 78' lang='lat' dir='ltr'>aetati,</span> <span class='ocrx_word' id='word_1_194' title='bbox 370 2361 418 2417; x_wconf 81' lang='lat' dir='ltr'>ubi</span> <span class='ocrx_word' id='word_1_195' title='bbox 437 2360 582 2417; x_wconf 81' lang='lat' dir='ltr'>simulacro</span> <span class='ocrx_word' id='word_1_196' title='bbox 602 2361 677 2417; x_wconf 87' lang='lat' dir='ltr'>nulla</span> <span class='ocrx_word' id='word_1_197' title='bbox 696 2360 762 2416; x_wconf 88' lang='lat' dir='ltr'>duro</span> <span class='ocrx_word' id='word_1_198' title='bbox 784 2371 873 2434; x_wconf 82' lang='lat' dir='ltr'>erent,</span> <span class='ocrx_word' id='word_1_199' title='bbox 895 2378 968 2439; x_wconf 89' lang='lat' dir='ltr'>quae</span> <span class='ocrx_word' id='word_1_200' title='bbox 987 2363 1124 2425; x_wconf 82' lang='lat' dir='ltr'>indicatur</span> <span class='ocrx_word' id='word_1_201' title='bbox 1141 2384 1162 2427; x_wconf 83' lang='lat' dir='ltr'>a</span> 
     </span>
     <span class='ocr_line' id='line_1_24' title="bbox 58 2439 1161 2532; baseline 0.003 -17"><span class='ocrx_word' id='word_1_202' title='bbox 58 2457 189 2515; x_wconf 83' lang='lat' dir='ltr'>Varrone</span> <span class='ocrx_word' id='word_1_203' title='bbox 208 2456 255 2516; x_wconf 88' lang='lat' dir='ltr'>lib.</span> <span class='ocrx_word' id='word_1_204' title='bbox 274 2455 297 2515; x_wconf 89' lang='lat'>1.</span> <span class='ocrx_word' id='word_1_205' title='bbox 317 2455 353 2512; x_wconf 79' lang='lat' dir='ltr'>fr.</span> <span class='ocrx_word' id='word_1_206' title='bbox 369 2439 410 2511; x_wconf 80' lang='lat'>11&#39;</span> <span class='ocrx_word' id='word_1_207' title='bbox 426 2461 454 2509; x_wconf 93' lang='lat' dir='ltr'>et</span> <span class='ocrx_word' id='word_1_208' title='bbox 472 2451 604 2510; x_wconf 87' lang='lat' dir='ltr'>definitur</span> <span class='ocrx_word' id='word_1_209' title='bbox 622 2455 658 2510; x_wconf 89' lang='lat' dir='ltr'>ab</span> <span class='ocrx_word' id='word_1_210' title='bbox 677 2452 777 2512; x_wconf 85' lang='lat' dir='ltr'>eodem</span> <span class='ocrx_word' id='word_1_211' title='bbox 801 2453 877 2530; x_wconf 87' lang='lat' dir='ltr'>apud</span> <span class='ocrx_word' id='word_1_212' title='bbox 896 2456 1012 2532; x_wconf 76' lang='lat' dir='ltr'>August.</span> <span class='ocrx_word' id='word_1_213' title='bbox 1032 2476 1058 2518; x_wconf 88' lang='lat' dir='ltr'>e.</span> <span class='ocrx_word' id='word_1_214' title='bbox 1078 2459 1108 2518; x_wconf 89' lang='lat' dir='ltr'>d.</span> <span class='ocrx_word' id='word_1_215' title='bbox 1128 2462 1161 2531; x_wconf 84' lang='lat' dir='ltr'>t,</span> 
     </span>
     <span class='ocr_line' id='line_1_25' title="bbox 57 2546 1159 2627; baseline 0 -19"><span class='ocrx_word' id='word_1_216' title='bbox 57 2555 93 2608; x_wconf 74' lang='lat'>³1</span> <span class='ocrx_word' id='word_1_217' title='bbox 119 2549 200 2607; x_wconf 79' lang='lat' dir='ltr'>annis</span> <span class='ocrx_word' id='word_1_218' title='bbox 223 2550 286 2627; x_wconf 80' lang='lat' dir='ltr'>ptus</span> <span class='ocrx_word' id='word_1_219' title='bbox 307 2565 391 2624; x_wconf 89' lang='lat' dir='ltr'>quam</span> <span class='ocrx_word' id='word_1_220' title='bbox 411 2556 523 2603; x_wconf 87' lang='lat' dir='ltr'>centum</span> <span class='ocrx_word' id='word_1_221' title='bbox 542 2556 571 2604; x_wconf 89' lang='lat' dir='ltr'>et</span> <span class='ocrx_word' id='word_1_222' title='bbox 590 2548 766 2624; x_wconf 81' lang='lat' dir='ltr'>septuaginta</span> <span class='ocrx_word' id='word_1_223' title='bbox 784 2548 821 2604; x_wconf 88' lang='lat' dir='ltr'>ab</span> <span class='ocrx_word' id='word_1_224' title='bbox 841 2546 875 2605; x_wconf 85' lang='lat' dir='ltr'>V.</span> <span class='ocrx_word' id='word_1_225' title='bbox 896 2549 944 2621; x_wconf 82' lang='lat' dir='ltr'>C.·,</span> <span class='ocrx_word' id='word_1_226' title='bbox 963 2549 1014 2623; x_wconf 76' lang='lat' dir='ltr'>cir,</span> <span class='ocrx_word' id='word_1_227' title='bbox 1036 2553 1159 2614; x_wconf 85' lang='lat' dir='ltr'>Tertult.</span> 
     </span>
     <span class='ocr_line' id='line_1_26' title="bbox 57 2626 1159 2727; baseline 0.005 -26"><span class='ocrx_word' id='word_1_228' title='bbox 57 2643 124 2702; x_wconf 84' lang='lat' dir='ltr'>adu.</span> <span class='ocrx_word' id='word_1_229' title='bbox 145 2651 242 2719; x_wconf 79' lang='lat' dir='ltr'>gentes</span> <span class='ocrx_word' id='word_1_230' title='bbox 260 2661 285 2700; x_wconf 87' lang='lat' dir='ltr'>c.</span> <span class='ocrx_word' id='word_1_231' title='bbox 305 2643 343 2700; x_wconf 82' lang='lat'>25</span> <span class='ocrx_word' id='word_1_232' title='bbox 363 2650 392 2700; x_wconf 84' lang='lat' dir='ltr'>et</span> <span class='ocrx_word' id='word_1_233' title='bbox 411 2639 448 2707; x_wconf 78' lang='lat' dir='ltr'>tle</span> <span class='ocrx_word' id='word_1_234' title='bbox 466 2638 561 2699; x_wconf 86' lang='lat' dir='ltr'>idolol.</span> <span class='ocrx_word' id='word_1_235' title='bbox 580 2640 641 2699; x_wconf 74' lang='lat' dir='ltr'>iuis</span> <span class='ocrx_word' id='word_1_236' title='bbox 666 2640 758 2727; x_wconf 66' lang='lat' dir='ltr'>Nec,</span> <span class='ocrx_word' id='word_1_237' title='bbox 778 2649 809 2703; x_wconf 84' lang='lat' dir='ltr'>nt</span> <span class='ocrx_word' id='word_1_238' title='bbox 829 2642 945 2718; x_wconf 85' lang='lat' dir='ltr'>opinor,</span> <span class='ocrx_word' id='word_1_239' title='bbox 963 2646 1028 2721; x_wconf 82' lang='lat' dir='ltr'>quio</span> <span class='ocrx_word' id='word_1_240' title='bbox 1041 2626 1159 2707; x_wconf 71' lang='lat' dir='ltr'>saeculo</span> 
     </span>
    </p>
   </div>
   <div class='ocr_carea' id='block_1_5' title="bbox 56 2727 1269 2817">
    <p class='ocr_par' dir='ltr' id='par_1_5' title="bbox 56 2727 1269 2817">
     <span class='ocr_line' id='line_1_27' title="bbox 56 2727 1269 2817; baseline 0.005 -25"><span class='ocrx_word' id='word_1_241' title='bbox 56 2738 170 2796; x_wconf 64' lang='lat' dir='ltr'>sumum</span> <span class='ocrx_word' id='word_1_242' title='bbox 190 2735 287 2814; x_wconf 89' lang='lat' dir='ltr'>quinto</span> <span class='ocrx_word' id='word_1_243' title='bbox 307 2745 425 2793; x_wconf 83' lang='lat' dir='ltr'>exeunte</span> <span class='ocrx_word' id='word_1_244' title='bbox 438 2734 707 2811; x_wconf 74' lang='lat' dir='ltr'>argeutum-,signati</span> <span class='ocrx_word' id='word_1_245' title='bbox 726 2734 828 2811; x_wconf 87' lang='lat' dir='ltr'>coepit,</span> <span class='ocrx_word' id='word_1_246' title='bbox 847 2733 911 2793; x_wconf 86' lang='lat' dir='ltr'>ideo</span> <span class='ocrx_word' id='word_1_247' title='bbox 929 2735 1011 2796; x_wconf 86' lang='lat' dir='ltr'>diuus</span> <span class='ocrx_word' id='word_1_248' title='bbox 1029 2741 1160 2817; x_wconf 81' lang='lat' dir='ltr'>Argenti·</span> <span class='ocrx_word' id='word_1_249' title='bbox 1266 2727 1269 2733; x_wconf 42' lang='lat'><strong><em>⁴</em></strong></span> 
     </span>
    </p>
   </div>
   <div class='ocr_carea' id='block_1_6' title="bbox 53 2827 1170 3933">
    <p class='ocr_par' dir='ltr' id='par_1_6' title="bbox 53 2827 1170 3933">
     <span class='ocr_line' id='line_1_28' title="bbox 57 2827 1165 2906; baseline 0.005 -17"><span class='ocrx_word' id='word_1_250' title='bbox 57 2851 110 2889; x_wconf 89' lang='lat' dir='ltr'>nus</span> <span class='ocrx_word' id='word_1_251' title='bbox 122 2829 271 2888; x_wconf 81' lang='lat' dir='ltr'>Aesculani</span> <span class='ocrx_word' id='word_1_252' title='bbox 289 2827 311 2886; x_wconf 81' lang='lat' dir='ltr'>f.</span> <span class='ocrx_word' id='word_1_253' title='bbox 330 2827 399 2887; x_wconf 67' lang='grc' dir='ltr'><em>Μ</em></span> <span class='ocrx_word' id='word_1_254' title='bbox 418 2827 472 2884; x_wconf 86' lang='lat' dir='ltr'>coli</span> <span class='ocrx_word' id='word_1_255' title='bbox 491 2838 575 2886; x_wconf 82' lang='lat' dir='ltr'>auten</span> <span class='ocrx_word' id='word_1_256' title='bbox 596 2847 652 2887; x_wconf 89' lang='lat' dir='ltr'>non</span> <span class='ocrx_word' id='word_1_257' title='bbox 670 2828 769 2906; x_wconf 85' lang='lat' dir='ltr'>potuit,</span> <span class='ocrx_word' id='word_1_258' title='bbox 789 2830 967 2903; x_wconf 85' lang='lat' dir='ltr'>quantumuis</span> <span class='ocrx_word' id='word_1_259' title='bbox 978 2830 1070 2891; x_wconf 84' lang='lat' dir='ltr'>Varro</span> <span class='ocrx_word' id='word_1_260' title='bbox 1083 2836 1165 2897; x_wconf 83' lang='lat' dir='ltr'>ciues.</span> 
     </span>
     <span class='ocr_line' id='line_1_29' title="bbox 56 2919 1163 2998; baseline 0.005 -16"><span class='ocrx_word' id='word_1_261' title='bbox 56 2942 132 2994; x_wconf 88' lang='lat' dir='ltr'>suos,</span> <span class='ocrx_word' id='word_1_262' title='bbox 152 2924 199 2982; x_wconf 86' lang='lat' dir='ltr'>lib.</span> <span class='ocrx_word' id='word_1_263' title='bbox 211 2921 234 2980; x_wconf 90' lang='lat'>1.</span> <span class='ocrx_word' id='word_1_264' title='bbox 252 2920 290 2979; x_wconf 78' lang='lat' dir='ltr'>fr.</span> <span class='ocrx_word' id='word_1_265' title='bbox 307 2923 355 2995; x_wconf 87' lang='grc'>16,</span> <span class='ocrx_word' id='word_1_266' title='bbox 375 2919 412 2977; x_wconf 89' lang='lat' dir='ltr'>de</span> <span class='ocrx_word' id='word_1_267' title='bbox 431 2921 551 2996; x_wconf 85' lang='lat' dir='ltr'>pecunia</span> <span class='ocrx_word' id='word_1_268' title='bbox 570 2921 694 2998; x_wconf 87' lang='lat' dir='ltr'>roganda</span> <span class='ocrx_word' id='word_1_269' title='bbox 713 2921 847 2989; x_wconf 84' lang='lat' dir='ltr'>docuerit.</span> <span class='ocrx_word' id='word_1_270' title='bbox 879 2921 991 2989; x_wconf 66' lang='lat' dir='ltr'>,Verum</span> <span class='ocrx_word' id='word_1_271' title='bbox 1012 2929 1163 2991; x_wconf 85' lang='lat' dir='ltr'>cuioscoo·.</span> 
     </span>
     <span class='ocr_line' id='line_1_30' title="bbox 56 3013 1165 3095; baseline 0.005 -21"><span class='ocrx_word' id='word_1_272' title='bbox 56 3035 113 3095; x_wconf 90' lang='lat' dir='ltr'>que</span> <span class='ocrx_word' id='word_1_273' title='bbox 138 3015 236 3074; x_wconf 86' lang='lat' dir='ltr'>aetatis</span> <span class='ocrx_word' id='word_1_274' title='bbox 250 3013 470 3090; x_wconf 59' lang='lat' dir='ltr'>aindigitarueuto</span> <span class='ocrx_word' id='word_1_275' title='bbox 494 3014 541 3072; x_wconf 85' lang='lat' dir='ltr'>illa</span> <span class='ocrx_word' id='word_1_276' title='bbox 564 3016 623 3073; x_wconf 88' lang='lat' dir='ltr'>siue</span> <span class='ocrx_word' id='word_1_277' title='bbox 648 3013 861 3091; x_wconf 78' lang='lat' dir='ltr'>inenunt,siue</span> <span class='ocrx_word' id='word_1_278' title='bbox 884 3016 1038 3085; x_wconf 62' lang='lat' dir='ltr'>extenuata</span> <span class='ocrx_word' id='word_1_279' title='bbox 1057 3030 1123 3077; x_wconf 90' lang='lat' dir='ltr'>sunt</span> <span class='ocrx_word' id='word_1_280' title='bbox 1140 3037 1165 3087; x_wconf 80' lang='lat' dir='ltr'>a,</span> 
     </span>
     <span class='ocr_line' id='line_1_31' title="bbox 56 3106 1160 3186; baseline 0.004 -19"><span class='ocrx_word' id='word_1_281' title='bbox 56 3110 197 3183; x_wconf 86' lang='lat' dir='ltr'>Varrone,</span> <span class='ocrx_word' id='word_1_282' title='bbox 217 3127 272 3167; x_wconf 91' lang='lat' dir='ltr'>non</span> <span class='ocrx_word' id='word_1_283' title='bbox 291 3109 433 3185; x_wconf 83' lang='lat' dir='ltr'>ignorauit</span> <span class='ocrx_word' id='word_1_284' title='bbox 447 3125 533 3184; x_wconf 78' lang='lat' dir='ltr'>genus</span> <span class='ocrx_word' id='word_1_285' title='bbox 553 3106 680 3183; x_wconf 80' lang='lat' dir='ltr'>dentum,</span> <span class='ocrx_word' id='word_1_286' title='bbox 700 3107 775 3185; x_wconf 89' lang='lat' dir='ltr'>quud</span> <span class='ocrx_word' id='word_1_287' title='bbox 793 3108 1060 3186; x_wconf 81' lang='lat' dir='ltr'>complectebantur,</span> <span class='ocrx_word' id='word_1_288' title='bbox 1080 3114 1160 3172; x_wconf 80' lang='lat' dir='ltr'>nouis</span> 
     </span>
     <span class='ocr_line' id='line_1_32' title="bbox 57 3201 1170 3281; baseline 0.002 -20"><span class='ocrx_word' id='word_1_289' title='bbox 57 3203 310 3261; x_wconf 73' lang='lat' dir='ltr'>commotionibus</span> <span class='ocrx_word' id='word_1_290' title='bbox 336 3221 387 3278; x_wconf 88' lang='lat' dir='ltr'>per</span> <span class='ocrx_word' id='word_1_291' title='bbox 411 3202 504 3259; x_wconf 88' lang='lat' dir='ltr'>ornnia</span> <span class='ocrx_word' id='word_1_292' title='bbox 530 3201 661 3279; x_wconf 79' lang='lat' dir='ltr'>deinceps</span> <span class='ocrx_word' id='word_1_293' title='bbox 686 3201 797 3260; x_wconf 84' lang='lat' dir='ltr'>saecula</span> <span class='ocrx_word' id='word_1_294' title='bbox 820 3201 906 3259; x_wconf 80' lang='lat' dir='ltr'>tuisse</span> <span class='ocrx_word' id='word_1_295' title='bbox 933 3206 1170 3281; x_wconf 63' lang='lat' dir='ltr'>proseminatum,</span> 
     </span>
     <span class='ocr_line' id='line_1_33' title="bbox 53 3293 1166 3375; baseline 0.001 -20"><span class='ocrx_word' id='word_1_296' title='bbox 53 3297 175 3355; x_wconf 82' lang='lat' dir='ltr'>Festum</span> <span class='ocrx_word' id='word_1_297' title='bbox 201 3295 319 3355; x_wconf 74' lang='lat' dir='ltr'>esthon</span> <span class='ocrx_word' id='word_1_298' title='bbox 338 3293 434 3355; x_wconf 87' lang='lat' dir='ltr'>Ouidii</span> <span class='ocrx_word' id='word_1_299' title='bbox 453 3312 565 3371; x_wconf 88' lang='lat' dir='ltr'>qunque</span> <span class='ocrx_word' id='word_1_300' title='bbox 590 3312 677 3361; x_wconf 76' lang='lat' dir='ltr'>aenne</span> <span class='ocrx_word' id='word_1_301' title='bbox 704 3295 885 3370; x_wconf 69' lang='lat' dir='ltr'>quamobrem</span> <span class='ocrx_word' id='word_1_302' title='bbox 904 3297 1033 3375; x_wconf 83' lang='lat' dir='ltr'>exempla</span> <span class='ocrx_word' id='word_1_303' title='bbox 1051 3299 1087 3355; x_wconf 85' lang='lat' dir='ltr'>ab</span> <span class='ocrx_word' id='word_1_304' title='bbox 1104 3299 1166 3369; x_wconf 73' lang='lat' dir='ltr'>iton,</span> 
     </span>
     <span class='ocr_line' id='line_1_34' title="bbox 54 3374 1159 3468; baseline 0.004 -21"><span class='ocrx_word' id='word_1_305' title='bbox 54 3400 162 3468; x_wconf 88' lang='lat' dir='ltr'>petam.</span> <span class='ocrx_word' id='word_1_306' title='bbox 202 3387 337 3466; x_wconf 83' lang='lat' dir='ltr'>Sepositis</span> <span class='ocrx_word' id='word_1_307' title='bbox 356 3374 388 3445; x_wconf 77' lang='lat' dir='ltr'>iis</span> <span class='ocrx_word' id='word_1_308' title='bbox 407 3388 467 3447; x_wconf 79' lang='lat' dir='ltr'>deis</span> <span class='ocrx_word' id='word_1_309' title='bbox 488 3388 665 3464; x_wconf 75' lang='lat' dir='ltr'>minusculis,</span> <span class='ocrx_word' id='word_1_310' title='bbox 688 3388 736 3463; x_wconf 92' lang='lat' dir='ltr'>qui</span> <span class='ocrx_word' id='word_1_311' title='bbox 755 3387 791 3444; x_wconf 86' lang='lat' dir='ltr'>ad</span> <span class='ocrx_word' id='word_1_312' title='bbox 810 3388 978 3453; x_wconf 74' lang='lat' dir='ltr'>selectorum</span> <span class='ocrx_word' id='word_1_313' title='bbox 997 3390 1159 3468; x_wconf 78' lang='lat' dir='ltr'>dignitatern</span> 
     </span>
     <span class='ocr_line' id='line_1_35' title="bbox 54 3481 1160 3563; baseline 0.002 -23"><span class='ocrx_word' id='word_1_314' title='bbox 54 3482 163 3556; x_wconf 87' lang='lat' dir='ltr'>euecti,</span> <span class='ocrx_word' id='word_1_315' title='bbox 191 3493 240 3541; x_wconf 88' lang='lat' dir='ltr'>out</span> <span class='ocrx_word' id='word_1_316' title='bbox 256 3481 303 3540; x_wconf 77' lang='lat' dir='ltr'>od</span> <span class='ocrx_word' id='word_1_317' title='bbox 328 3483 448 3540; x_wconf 84' lang='lat' dir='ltr'>incertos</span> <span class='ocrx_word' id='word_1_318' title='bbox 473 3481 579 3539; x_wconf 84' lang='lat' dir='ltr'>detrusi</span> <span class='ocrx_word' id='word_1_319' title='bbox 599 3491 680 3555; x_wconf 85' lang='lat' dir='ltr'>sunt,</span> <span class='ocrx_word' id='word_1_320' title='bbox 705 3500 740 3538; x_wconf 84' lang='lat' dir='ltr'>ex</span> <span class='ocrx_word' id='word_1_321' title='bbox 761 3482 1031 3558; x_wconf 83' lang='lat' dir='ltr'>indigitamentorum</span> <span class='ocrx_word' id='word_1_322' title='bbox 1051 3492 1160 3563; x_wconf 79' lang='lat' dir='ltr'>tuntum</span> 
     </span>
     <span class='ocr_line' id='line_1_36' title="bbox 55 3573 1164 3652; baseline 0.001 -18"><span class='ocrx_word' id='word_1_323' title='bbox 55 3577 223 3635; x_wconf 79' lang='lat' dir='ltr'>auctoritate</span> <span class='ocrx_word' id='word_1_324' title='bbox 241 3577 406 3634; x_wconf 85' lang='lat' dir='ltr'>colebantur</span> <span class='ocrx_word' id='word_1_325' title='bbox 422 3576 469 3652; x_wconf 89' lang='lat' dir='ltr'>qui</span> <span class='ocrx_word' id='word_1_326' title='bbox 492 3575 529 3632; x_wconf 85' lang='lat' dir='ltr'>fr.</span> <span class='ocrx_word' id='word_1_327' title='bbox 547 3578 566 3631; x_wconf 79' lang='lat'>7</span> <span class='ocrx_word' id='word_1_328' title='bbox 586 3573 733 3641; x_wconf 84' lang='lat' dir='ltr'>traduntur</span> <span class='ocrx_word' id='word_1_329' title='bbox 755 3575 864 3633; x_wconf 74' lang='lat' dir='ltr'>consus</span> <span class='ocrx_word' id='word_1_330' title='bbox 884 3575 946 3647; x_wconf 60' lang='lat' dir='ltr'>On,</span> <span class='ocrx_word' id='word_1_331' title='bbox 961 3582 989 3647; x_wconf 77' lang='lat'>3,</span> <span class='ocrx_word' id='word_1_332' title='bbox 1010 3580 1076 3651; x_wconf 87' lang='grc'>199,</span> <span class='ocrx_word' id='word_1_333' title='bbox 1103 3579 1164 3647; x_wconf 60' lang='grc' dir='ltr'>Ιὓαω,</span> 
     </span>
     <span class='ocr_line' id='line_1_37' title="bbox 55 3666 1167 3745; baseline 0.001 -18"><span class='ocrx_word' id='word_1_334' title='bbox 55 3687 154 3727; x_wconf 72' lang='lat' dir='ltr'>anm</span> <span class='ocrx_word' id='word_1_335' title='bbox 173 3675 201 3740; x_wconf 79' lang='grc'>3,</span> <span class='ocrx_word' id='word_1_336' title='bbox 220 3669 296 3743; x_wconf 82' lang='lat'>275,</span> <span class='ocrx_word' id='word_1_337' title='bbox 323 3666 479 3743; x_wconf 71' lang='lat' dir='ltr'>Retinet,</span> <span class='ocrx_word' id='word_1_338' title='bbox 499 3668 574 3743; x_wconf 78' lang='grc'>906,</span> <span class='ocrx_word' id='word_1_339' title='bbox 595 3667 723 3727; x_wconf 80' lang='lat' dir='ltr'>¹Stiruuio</span> <span class='ocrx_word' id='word_1_340' title='bbox 742 3671 772 3738; x_wconf 88' lang='grc'>6,</span> <span class='ocrx_word' id='word_1_341' title='bbox 791 3671 930 3740; x_wconf 57' lang='lat' dir='ltr'>titinnius</span> <span class='ocrx_word' id='word_1_342' title='bbox 955 3672 1028 3728; x_wconf 87' lang='lat' dir='ltr'>enim</span> <span class='ocrx_word' id='word_1_343' title='bbox 1053 3672 1167 3745; x_wconf 80' lang='lat' dir='ltr'>nonnisi¹</span> 
     </span>
     <span class='ocr_line' id='line_1_38' title="bbox 55 3760 1160 3840; baseline 0.002 -21"><span class='ocrx_word' id='word_1_344' title='bbox 55 3779 134 3835; x_wconf 50' lang='lat' dir='ltr'>arno</span> <span class='ocrx_word' id='word_1_345' title='bbox 153 3762 235 3820; x_wconf 86' lang='lat' dir='ltr'>Varr.</span> <span class='ocrx_word' id='word_1_346' title='bbox 250 3761 286 3820; x_wconf 90' lang='lat' dir='ltr'>de</span> <span class='ocrx_word' id='word_1_347' title='bbox 306 3762 326 3819; x_wconf 84' lang='lat' dir='ltr'>l.</span> <span class='ocrx_word' id='word_1_348' title='bbox 339 3761 359 3820; x_wconf 93' lang='grc' dir='ltr'>Ι.</span> <span class='ocrx_word' id='word_1_349' title='bbox 374 3764 401 3834; x_wconf 91' lang='grc'>6,</span> <span class='ocrx_word' id='word_1_350' title='bbox 414 3765 464 3832; x_wconf 82' lang='grc'>20,</span> <span class='ocrx_word' id='word_1_351' title='bbox 482 3772 531 3819; x_wconf 88' lang='lat' dir='ltr'>aut</span> <span class='ocrx_word' id='word_1_352' title='bbox 550 3762 614 3837; x_wconf 88' lang='lat' dir='ltr'>luci,</span> <span class='ocrx_word' id='word_1_353' title='bbox 636 3760 866 3837; x_wconf 76' lang='lat' dir='ltr'>echoiJuuenal.</span> <span class='ocrx_word' id='word_1_354' title='bbox 876 3775 947 3833; x_wconf 81' lang='lat' dir='ltr'>sut.¹</span> <span class='ocrx_word' id='word_1_355' title='bbox 959 3768 976 3819; x_wconf 83' lang='grc'>3</span> <span class='ocrx_word' id='word_1_356' title='bbox 989 3782 1026 3840; x_wconf 82' lang='lat' dir='ltr'>p.</span> <span class='ocrx_word' id='word_1_357' title='bbox 1039 3765 1095 3819; x_wconf 79' lang='lat'>174</span> <span class='ocrx_word' id='word_1_358' title='bbox 1113 3764 1160 3833; x_wconf 84' lang='lat' dir='ltr'>ed,</span> 
     </span>
     <span class='ocr_line' id='line_1_39' title="bbox 55 3853 1161 3933; baseline 0.005 -23"><span class='ocrx_word' id='word_1_359' title='bbox 55 3855 166 3928; x_wconf 66' lang='lat' dir='ltr'>Heinr,</span> <span class='ocrx_word' id='word_1_360' title='bbox 191 3866 277 3933; x_wconf 82' lang='lat' dir='ltr'>supro</span> <span class='ocrx_word' id='word_1_361' title='bbox 295 3874 326 3932; x_wconf 90' lang='lat' dir='ltr'>p.</span> <span class='ocrx_word' id='word_1_362' title='bbox 342 3870 504 3929; x_wconf 79' lang='lat' dir='ltr'>ou1,cu11,</span> <span class='ocrx_word' id='word_1_363' title='bbox 527 3871 617 3927; x_wconf 81' lang='lat' dir='ltr'>cnut,</span> <span class='ocrx_word' id='word_1_364' title='bbox 644 3853 780 3911; x_wconf 82' lang='lat' dir='ltr'>dieantur.</span> <span class='ocrx_word' id='word_1_365' title='bbox 792 3898 808 3923; x_wconf 46' lang='lat'>,1</span> <span class='ocrx_word' id='word_1_366' title='bbox 820 3857 945 3914; x_wconf 86' lang='lat' dir='ltr'>Accedat</span> <span class='ocrx_word' id='word_1_367' title='bbox 961 3856 1016 3913; x_wconf 86' lang='lat' dir='ltr'>dea</span> <span class='ocrx_word' id='word_1_368' title='bbox 1034 3860 1161 3927; x_wconf 72' lang='lat' dir='ltr'>Reatino</span> 
     </span>
    </p>
   </div>
   <div class='ocr_carea' id='block_1_7' title="bbox 54 3934 1172 4227">
    <p class='ocr_par' dir='ltr' id='par_1_7' title="bbox 54 3934 1172 4227">
     <span class='ocr_line' id='line_1_40' title="bbox 54 3934 1170 4026; baseline 0.005 -23"><span class='ocrx_word' id='word_1_369' title='bbox 54 3947 92 4005; x_wconf 82' lang='lat' dir='ltr'>fr.</span> <span class='ocrx_word' id='word_1_370' title='bbox 105 3950 135 4021; x_wconf 79' lang='lat'>5,</span> <span class='ocrx_word' id='word_1_371' title='bbox 154 3947 231 4006; x_wconf 88' lang='lat' dir='ltr'>Plut.</span> <span class='ocrx_word' id='word_1_372' title='bbox 251 3958 359 4026; x_wconf 77' lang='lat' dir='ltr'>quaest.</span> <span class='ocrx_word' id='word_1_373' title='bbox 378 3966 421 4007; x_wconf 83' lang='lat' dir='ltr'>ro.</span> <span class='ocrx_word' id='word_1_374' title='bbox 442 3950 492 4022; x_wconf 79' lang='lat'>57,</span> <span class='ocrx_word' id='word_1_375' title='bbox 512 3934 739 4017; x_wconf 79' lang='lat' dir='ltr'>cuiussecelluru</span> <span class='ocrx_word' id='word_1_376' title='bbox 753 3949 818 4019; x_wconf 83' lang='lat' dir='ltr'>¹sion</span> <span class='ocrx_word' id='word_1_377' title='bbox 838 3949 923 4013; x_wconf 77' lang='lat' dir='ltr'>dubio</span> <span class='ocrx_word' id='word_1_378' title='bbox 936 3949 1011 4015; x_wconf 72' lang='lat' dir='ltr'>¹iilud</span> <span class='ocrx_word' id='word_1_379' title='bbox 1029 3948 1090 4021; x_wconf 61' lang='lat' dir='ltr'>suit÷</span> <span class='ocrx_word' id='word_1_380' title='bbox 1102 3950 1170 4019; x_wconf 69' lang='lat' dir='ltr'>on„</span> 
     </span>
     <span class='ocr_line' id='line_1_41' title="bbox 54 4040 1162 4119; baseline 0.004 -21"><span class='ocrx_word' id='word_1_381' title='bbox 54 4043 169 4114; x_wconf 77' lang='grc'>2,410,</span> <span class='ocrx_word' id='word_1_382' title='bbox 190 4040 249 4098; x_wconf 85' lang='lat' dir='ltr'>uid.</span> <span class='ocrx_word' id='word_1_383' title='bbox 268 4060 297 4119; x_wconf 88' lang='lat' dir='ltr'>p.</span> <span class='ocrx_word' id='word_1_384' title='bbox 310 4058 466 4118; x_wconf 82' lang='lat' dir='ltr'>cxutxsq.</span> <span class='ocrx_word' id='word_1_385' title='bbox 506 4041 636 4116; x_wconf 88' lang='lat' dir='ltr'>Namque</span> <span class='ocrx_word' id='word_1_386' title='bbox 653 4041 766 4117; x_wconf 79' lang='lat' dir='ltr'>publice</span> <span class='ocrx_word' id='word_1_387' title='bbox 779 4043 860 4101; x_wconf 75' lang='lat' dir='ltr'>cultu</span> <span class='ocrx_word' id='word_1_388' title='bbox 879 4043 926 4111; x_wconf 78' lang='lat' dir='ltr'>ilia</span> <span class='ocrx_word' id='word_1_389' title='bbox 944 4043 1059 4109; x_wconf 77' lang='lat' dir='ltr'>numina</span> <span class='ocrx_word' id='word_1_390' title='bbox 1076 4043 1162 4102; x_wconf 78' lang='lat' dir='ltr'>suisne</span> 
     </span>
     <span class='ocr_line' id='line_1_42' title="bbox 55 4132 1172 4227; baseline 0.004 -37"><span class='ocrx_word' id='word_1_391' title='bbox 55 4133 178 4195; x_wconf 85' lang='lat' dir='ltr'>affirmat</span> <span class='ocrx_word' id='word_1_392' title='bbox 196 4137 364 4210; x_wconf 83' lang='lat' dir='ltr'>Augustinus</span> <span class='ocrx_word' id='word_1_393' title='bbox 384 4137 415 4211; x_wconf 80' lang='lat' dir='ltr'>t,</span> <span class='ocrx_word' id='word_1_394' title='bbox 427 4139 480 4194; x_wconf 76' lang='lat'>16:</span> <span class='ocrx_word' id='word_1_395' title='bbox 499 4133 545 4193; x_wconf 74' lang='lat' dir='ltr'>tro</span> <span class='ocrx_word' id='word_1_396' title='bbox 564 4132 691 4203; x_wconf 71' lang='lat' dir='ltr'>omnibus</span> <span class='ocrx_word' id='word_1_397' title='bbox 708 4133 811 4221; x_wconf 21' lang='lat' dir='ltr'>‹iiiossot¹</span> <span class='ocrx_word' id='word_1_398' title='bbox 828 4134 930 4207; x_wconf 73' lang='lat' dir='ltr'>danim</span> <span class='ocrx_word' id='word_1_399' title='bbox 945 4134 1058 4215; x_wconf 65' lang='lat' dir='ltr'>parium</span> <span class='ocrx_word' id='word_1_400' title='bbox 1075 4154 1172 4227; x_wconf 71' lang='lat' dir='ltr'>suurn</span> 
     </span>
    </p>
   </div>
   <div class='ocr_carea' id='block_1_8' title="bbox 0 0 1282 4574">
    <p class='ocr_par' dir='ltr' id='par_1_8' title="bbox 0 0 1282 4574">
     <span class='ocr_line' id='line_1_43' title="bbox 0 0 1282 4574; baseline 0 0"><span class='ocrx_word' id='word_1_401' title='bbox 0 0 1282 4574; x_wconf 95' lang='lat' dir='ltr'> </span> 
     </span>
    </p>
   </div>
  </div>
 </body>
</html>
