2550 4574
137 240 243 291 taxat
594 239 624 289 1..
647 240 774 289 clttctva

137 395 268 455 1116660
283 411 365 467 acuo,
385 392 472 463 uitae,
486 392 549 451 icoo
563 395 721 469 conueniat,
736 412 793 453 non
806 393 1017 453 6616116666ιὶ6
1028 399 1147 451 monus
1161 402 1238 453 tucn·

138 488 205 547 dam
224 505 284 547 esse
302 485 445 544 Niebuhrii
462 487 560 545 summi
579 487 631 545 uiri
649 488 812 547 sententiam
830 487 1040 567 pronunciatum
1057 485 1237 559 1616112,
1270 542 1274 567 ἶ

138 600 170 661 p.
186 586 242 658 10,
267 589 299 639 ut
322 598 386 637 cum
405 578 587 655 &ruhardyo
612 599 640 641 u.
659 580 716 641 des.
735 581 801 641 hist.
818 582 872 641 titt.
891 580 928 639 R.
946 599 979 657 p.
990 580 1049 639 260
1067 596 1135 638 anu.
1157 598 1237 659 quem

137 674 237 733 librum
260 674 346 733 Gitttii
361 671 395 731 dc
410 672 613 750 wodispriocis
632 675 733 733 Festus
751 675 859 750 iaudat,
877 673 1001 733 dicamus
1018 672 1104 731 fuine
1121 672 1158 731 06
1175 691 1237 735 666-

137 766 182 827 iia
198 768 297 845 ptisois
318 768 414 827 016611.
453 765 529 823 Festi
549 766 674 825 Cincium
693 786 755 826 esse
773 767 905 842 eundem,
923 768 1001 826 cuius
1019 765 1120 827 tiam
1139 765 1174 825 de
1189 766 1239 841 fc·

136 863 191 919 atis
206 860 363 919 Macrobius
381 869 434 917 sat.
454 863 546 935 1,12,
565 877 595 935 p.
607 862 665 916 244
682 871 891 937 commemorat,
913 880 970 919 non
987 860 1108 919 fontanae
1126 878 1240 921 6666666

33 1012 37 1019 ,
135 962 198 1028 est,
216 952 309 1013 licebit
327 962 420 1011 tamen
439 951 613 1011 coniectouea
641 954 823 1030 nequeenim
840 951 985 1013 commode
1002 951 1091 1013 fastos
1109 972 1129 1013 a
1147 972 1239 1033 gram

137 1048 249 1122 matico,
270 1063 354 1125 quam
373 1046 410 1103 ab
427 1043 556 1104 10616ιὶ66
571 1045 653 1104 scribi
665 1047 787 1125 potuisse
806 1047 939 1124 exemplis
957 1044 1051 1105 doceri
1070 1056 1175 1126 potet.
1205 1046 1239 1107 10

26 1204 28 1211 ,
136 1143 162 1200 si
180 1141 358 1214 conceditur,
383 1137 480 1197 uideor
503 1138 570 1197 milti
593 1140 748 1199 accumitu
766 1138 801 1199 L.
820 1139 909 1199 Cincii
927 1140 1098 1217 grammatici
1117 1147 1239 1201 senten

136 1232 334 1311 indagantem,
360 1250 444 1309 quam
468 1230 613 1310 hucusque
632 1232 738 1291 iactum
757 1242 810 1293 cst.
846 1232 971 1291 Primum
996 1234 1073 1291 enim
1089 1232 1160 1291 u‘mit
1175 1240 1240 1311 post

136 1328 246 1387 lunium
265 1323 462 1386 Gracchanum
481 1335 511 1384 ct
528 1325 659 1385 Fuluium
677 1324 859 1385 Nobiliorem.
897 1326 972 1385 Nam
990 1344 1063 1405 quos
1080 1324 1193 1383 Cindos
1210 1326 1239 1385 iu

137 1420 210 1481 libro
227 1419 363 1479 fastorum
387 1419 514 1497 impetite
538 1418 648 1498 opinari
673 1419 709 1478 de
730 1438 825 1479 menso
842 1418 928 1500 Apciii
951 1419 1062 1498 scripsit
1086 1418 1239 1479 mundum

136 1513 272 1573 Mamubii
289 1512 381 1571 locum
400 1511 469 1582 iud,
488 1513 580 1571 Varro
598 1512 635 1573 de
652 1513 675 1573 i.
686 1514 707 1572 l.
725 1516 758 1589 6,
770 1518 808 1573 id
826 1512 910 1574 docet
926 1514 988 1573 iilos
1004 1513 1103 1576 subo·
1124 1510 1240 1583 Dtt'nde

137 1606 207 1665 uixit
225 1623 282 1665 non
300 1604 384 1665 modo
401 1613 467 1664 ante
485 1604 612 1667 Verrium
631 1608 788 1684 Flaccum,
806 1606 857 1667 sed
875 1608 976 1684 66616,
995 1605 1120 1675 utiosra
1135 1606 1240 1667 inteili-

138 1718 206 1779 ges,
230 1708 297 1759 ante
315 1695 458 1759 Ouidium.
497 1698 575 1759 Tum
601 1720 657 1760 666
675 1701 746 1761 uixit
771 1710 834 1780 post
852 1700 1025 1776 Varronem,
1048 1698 1140 1759 siuel
1154 1700 1240 1759 mini-

135 1812 214 1854 mum
231 1790 298 1853 fidei
316 1800 360 1850 cst
376 1791 405 1849 in
418 1791 573 1870 Memobio,
592 1795 641 1872 qui
660 1794 744 1872 paulo
764 1803 829 1874 post
845 1796 997 1855 mattam
1015 1794 1111 1855 macto
1130 1796 1240 1855 Vatu-

136 1904 200 1949 m
217 1885 303 1960 dixit,
326 1885 368 1943 uti
385 1902 437 1944 occ
455 1894 522 1945 ante
540 1886 648 1947 delium
665 1887 863 1964 Stiloncm,si
882 1889 965 1949 modo
984 1886 1239 1975 versunum

136 1998 252 2061 quoque
268 1988 298 2040 ot
315 1979 433 2054 Festus,
457 1981 567 2059 quotics
583 1979 613 2037 id
630 1980 691 2039 ficti
708 1982 817 2060 potuit,
843 1982 975 2061 tampon's
994 1978 1122 2039 ordinatu
1139 1978 1169 2059 in
1184 1998 1240 2039 66-

137 2072 274 2135 mundis
291 2073 470 2153 scriptotibus
487 2072 574 2133 secmi
593 2081 674 2132 sunta
701 2076 856 2154 ubicunque
873 2076 1048 2135 consentiunt
1065 2083 1095 2133 et
1113 2072 1240 2153 pictum-

136 2185 195 2246 que
213 2185 276 2227 cum
294 2165 459 2227 0166666661
473 2167 567 2227 delius
584 2165 723 2226 antecedit
740 2169 877 2228 Cincium.
904 2167 1002 2226 Fuscit
1019 2167 1105 2246 igitur
1121 2167 1241 2227 tortam

137 2262 251 2321 Cincius
269 2261 354 2339 paulo
373 2268 440 2320 ante
459 2258 617 2322 Varronem
634 2261 714 2322 Aelio
732 2264 863 2340 magatro
889 2278 965 2321 usus.
1002 2261 1096 2321 Etiam
1119 2278 1240 2319 moncu-

136 2352 204 2412 dum
223 2363 276 2427 est,
294 2372 359 2412 cum
381 2372 398 2411 a
413 2354 565 2415 Lauremio
580 2355 662 2433 Lydo
676 2354 713 2415 de
729 2356 868 2415 mensibus
881 2357 913 2431 4,
925 2356 975 2431 92,
991 2373 1022 2433 p.
1031 2357 1091 2413 210
1101 2352 1159 2413 ltu.
1172 2354 1240 2413 Cin·

136 2446 184 2521 di,
200 2447 248 2524 qui
263 2436 420 2522 Ῥωμαῖος
438 2441 568 2528 σοφιςὴς
586 2448 744 2528 appeilatur
757 2452 788 2523 4,
799 2450 850 2524 44,
869 2468 900 2527 p.
911 2450 981 2524 216,
999 2448 1072 2507 liber
1089 2444 1158 2527 sapt
1178 2448 1240 2507 cair

137 2530 253 2617 ἑορτῶν
278 2548 469 2618 nuncupatur,
495 2560 551 2599 non
577 2543 605 2599 id
630 2559 691 2601 esse
716 2543 816 2601 librum
840 2542 874 2602 dc
890 2543 994 2617 fustis,
1019 2540 1070 2601 660
1088 2539 1124 2601 dt
1142 2540 1240 2615 sotiis:

135 2649 225 2709 quare
249 2642 347 2690 auctor
372 2632 471 2691 fuerim
491 2632 566 2712 apud
585 2633 757 2694 Macrobium
776 2643 805 2707 1,
825 2639 873 2713 16,
892 2655 922 2714 p.
936 2639 995 2694 261
1012 2636 1040 2693 in
1058 2636 1112 2695 iliis
1131 2636 1238 2693 umba:

136 2727 205 2802 quia
225 2726 317 2783 111166
340 2724 374 2784 dc
396 2723 477 2798 {aiio
500 2725 638 2801 scribom,
667 2729 706 2788 uti
730 2741 882 2808 reponatur
902 2732 1021 2790 0166166.
1059 2729 1104 2787 Ea
1127 2728 1239 2787 nomina

137 2828 297 2897 permutata
315 2829 380 2877 cunt
398 2819 473 2896 apud
494 2820 534 2880 lo.
553 2819 783 2881 Sarisberieuscm
803 2828 834 2900 8,
852 2827 883 2900 7,
902 2825 950 2883 661
968 2823 1060 2901 potius
1078 2821 1156 2901 apud
1175 2822 1240 2881 tta

136 2913 261 2971 ccobium
284 2917 313 2985 2,
332 2914 351 2970 9
369 2912 432 2987 fin,
457 2912 505 2971 ubi
531 2912 595 2972 uide
619 2914 780 2977 Matreium.
826 2917 916 2977 Vetus
940 2916 987 2977 cd.
1012 2915 1148 2975 Macrobii
1167 2915 1237 2973 Ven.

136 3009 213 3066 1492
237 3006 322 3065 habet
349 3015 401 3065 sat.
420 3008 518 3081 1,12,
538 3024 566 3084 p.
578 3009 647 3082 248,
666 3009 686 3067 l.
701 3015 737 3069 2·
763 3017 797 3069 ot
821 3012 915 3086 (ipius
939 3008 1102 3069 61610606.
1139 3007 1238 3067 Citati·

134 3101 240 3175 61661,
262 3100 407 3178 ploitt
430 3105 627 3159 16666166
648 3102 771 3162 11011661
788 3109 815 3163 61
835 3105 955 3164 diadum
973 3102 1125 3179 coniungit.
1163 3100 1235 3161 Con·
1265 3174 1268 3179 .

135 3193 239 3252 6661166
258 3213 289 3272 p.
278 3199 372 3255 2061
394 3194 428 3257 Ρ
450 3195 549 3253 011666
569 3194 681 3272 aliegat.
712 3196 858 3255 Postremo
876 3215 933 3255 nou
952 3196 1061 3271 dubito,
1081 3194 1271 3309 quinquae

135 3284 297 3346 Macrobius
314 3287 378 3346 Sat.
395 3292 424 3357 3,
439 3293 469 3362 2,
488 3306 520 3366 p.
511 3290 591 3346 .186
610 3286 646 3345 06
665 3306 735 3347 6666
752 3288 879 3360 citatam,
898 3289 999 3348 Festus
1016 3306 1048 3398 p.
1058 3290 1110 3365 98,
1119 3293 1161 3345 22
1172 3260 1271 3350 Vra

134 3375 213 3437 06
187 3396 258 3454 mco,
276 3397 306 3456 p.
315 3379 383 3454 206,
397 3379 530 3440 2116611.
547 3380 584 3440 06
600 3378 779 3456 offmdioiiaa
797 3382 850 3440 sub
864 3383 933 3441 Titii
950 3382 1062 3442 nomine
1080 3381 1236 3460 proterunt,

135 3473 193 3531 sint
210 3490 246 3533 ex
266 3472 300 3530 1..
320 3472 409 3531 Cincii
431 3473 508 3532 libais
533 3473 570 3532 dc
594 3476 686 3535 uerbis
705 3474 820 3551 priscis,
846 3493 902 3534 non
927 3494 963 3535 cx
981 3476 1017 3535 C.
1036 3475 1108 3535 Titii
1127 3475 1197 3535 Sex·
1214 3474 1235 3532 f.
1274 3471 1275 3474 ’

134 3565 205 3625 Sex.
219 3583 251 3623 u.
266 3565 369 3624 tribuni
387 3566 476 3643 piebis
495 3585 521 3625 a.
534 3568 570 3626 V.
585 3569 619 3626 C.
635 3569 694 3626 697
707 3567 885 3627 orationibus.
900 3601 940 3617 -
957 3566 1115 3626 Admodum
1131 3567 1237 3628 lubrico
1270 3630 1273 3637 ,

133 3666 178 3718 est
209 3661 336 3736 quaestio
361 3660 397 3718 de
422 3660 553 3719 Cornelio
579 3661 730 3734 Labeone,
767 3680 851 3738 quom
874 3662 1033 3721 Macrobioe
1058 3670 1113 3720 sat.
1139 3667 1172 3736 l,
1191 3664 1235 3737 16,

134 3771 164 3831 p.
173 3755 247 3826 2683
268 3758 297 3829 1,
309 3756 356 3827 18,
370 3770 400 3829 p.
410 3755 485 3828 2913
504 3757 534 3827 8,
546 3757 577 3829 4,
592 3773 622 3833 p.
632 3756 688 3812 391
707 3753 849 3830 scripsisse
866 3765 983 3815 testatur
999 3755 1086 3813 libros
1099 3752 1137 3833 06
1151 3754 1236 3827 sast'u,
1270 3756 1274 3767 '

133 3845 171 3903 06
189 3847 302 3904 oraculo
321 3846 454 3924 Apollinis
473 3845 559 3904 Clarii
578 3856 608 3905 et
626 3846 731 3924 aliquid
749 3847 786 3905 06
803 3847 971 3918 Penatibus,
996 3846 1047 3905 sed
1067 3847 1097 3905 id
1115 3846 1237 3908 fortasse

134 3938 163 3997 in
184 3939 281 4014 libris,
305 3941 354 4017 qui
372 3940 506 4018 appellati
524 3949 591 3999 sunt
610 3939 644 3998 do
660 3940 706 3999 dia
725 3941 910 4020 animalibus,
929 3941 987 4001 uid.
1005 3942 1091 4003 Seru.
1109 3942 1148 4001 nd
1166 3943 1236 4009 Aen.

133 4036 165 4109 3,
185 4036 252 4095 168.
292 4033 392 4092 Libros
411 4033 448 4093 de
466 4032 546 4091 fastis
563 4033 722 4093 Macrobius
742 4041 774 4111 l,
793 4042 831 4093 12
849 4035 997 4113 aliquoties
1014 4033 1052 4093 ad
1069 4044 1170 4115 pectes
1188 4054 1239 4095 66-

133 4134 199 4204 cat,
225 4146 297 4208 quoa
315 4128 400 4191 edam
418 4127 567 4190 manifesto
584 4127 681 4207 Lydus
700 4128 737 4191 06
756 4129 989 4207 ι666616614,1,
1008 4131 1125 4227 6141,
1140 4133 1177 4209 4,
1188 4133 1239 4207 20,
