2550 4574
15 236 17 241 '
138 232 240 287 01⁰³:
262 284 265 289 ,
278 256 286 289 ,¹
606 237 661 287 111.
671 238 748 287 nur!

65 478 67 483 .
136 400 230 466 neque
243 385 335 448 sideru
351 388 594 465 meumuymu-
600 387 753 469 Vulcanus,
770 385 930 471 Nepttinns,
947 392 1009 470 Sol,
1027 392 1128 473 Luna,
1138 395 1238 479 luppi-

137 495 194 558 ter,
215 483 272 557 elii,
288 498 361 560 quos
380 483 470 560 ipsum
488 483 588 561 uulgus
607 501 753 551 crrerum
771 494 871 549 nature
889 505 1031 565 nunquam
1051 508 1107 549 non
1126 502 1171 553 eet
1189 493 1238 553 in·

137 585 340 656 terpretetum,
364 576 415 635 secl
441 575 477 639 dc
501 577 600 655 quibus
626 579 680 637 alio
703 579 883 645 lineolam
902 578 979 642 dixit.
1017 583 1140 647 Numina
1158 598 1237 647 certa

136 670 305 751 serpiterna
324 670 492 748 potuit-sine
509 671 595 731 dubio
614 669 804 749 Libertatem,
822 672 974 749 Virtutem,
994 675 1159 755 Fortunam,
1179 681 1237 739 Fe-

136 767 266 827 licitatem
285 760 452 842 appellaret.
469 780 534 823 uam
557 783 592 824 ex
615 766 872 841 hominibus-certe
895 779 1055 828 consecratu
1082 790 1138 833 non
1159 785 1235 838 sunt.

136 858 190 919 uo
208 877 277 917 uero
295 858 331 915 ud
345 857 494 937 Euhemeri
514 877 639 917 normam
656 870 768 938 praeter
779 878 857 939 ·quos
870 860 988 919 Romani
1007 863 1043 920 ab
1064 865 1128 942 ipsis
1143 868 1237 929 Grae·

136 956 174 1014 cis
192 973 227 1013 ec
246 961 313 1013 nota
330 951 473 1029 insignitos
490 963 674 1030 acceperunt,
698 972 755 1032 qun
775 955 803 1012 in
823 972 855 1011 re
873 954 1066 1030 peringeniosa
1085 968 1129 1018 est
1149 954 1236 1020 Clauss

130 1045 204 1110 ‘senil
230 1048 389 1106 coniectura
414 1045 452 1105 de
476 1045 628 1107 Athenaide
646 1047 843 1123 Sibyllinorum
864 1056 978 1107 auctore
997 1068 1027 1126 p.
1047 1055 1126 1127 232,
1151 1063 1234 1114 erant

133 1142 256 1222 inprimis
274 1142 353 1200 leres-
365 1140 572 1215 Romanorum,
596 1139 661 1199 uide
688 1151 801 1219 praeter
818 1139 918 1218 fragm.
938 1144 958 1201 8
983 1159 1058 1218 quae
1074 1163 1158 1223 snpra
1174 1148 1232 1207 ima

133 1245 286 1316 p'cnxnn
304 1232 434 1297 indicaui.
454 1232 599 1312 :Denique
622 1234 716 1293 licebit
740 1233 776 1293 de
795 1233 929 1293 diuisione
947 1234 1063 1294 deorum
1082 1239 1111 1296 in
1130 1249 1232 1316 certos,

133 1333 274 1403 incentor,
298 1328 415 1387 selectus
434 1326 476 1385 ita'
491 1328 662 1398 existimare,
689 1336 721 1386 ut
738 1329 875 1387 licentiam
894 1346 1005 1387 omnem
1024 1328 1115 1389 Varro
1133 1335 1247 1410 procul.

19 1458 22 1471 ι
133 1423 274 1494 liebuerit,
295 1432 327 1481 ut
344 1439 441 1481 earum
453 1421 676 1499 appellationum
695 1440 780 1481 cansa
798 1423 825 1480 in
846 1431 1009 1500 argumento
1028 1425 1120 1500 posite
1137 1424 1231 1504 fucrit,

133 1526 323 1587 tetrantorum
342 1514 644 1592 simplicissimuluerir
663 1525 692 1575 et
711 1536 730 1576 a
746 1517 855 1577 selectis
874 1516 1057 1575 remotissime
1076 1519 1163 1593 ratio,
1186 1520 1231 1579 in·

133 1621 273 1673 certorum
292 1607 385 1668 media
401 1607 475 1665 inter
495 1615 637 1685 umorque,
658 1618 690 1668 ut
705 1622 761 1670 tres
779 1611 817 1669 illi
837 1610 939 1688 gradus
958 1611 1088 1688 temporis
1106 1631 1232 1673 momen·

131 1708 169 1767 tis
186 1705 387 1765 discernantur.
419 1700 529 1761 Causae
547 1703 649 1781 aliquid
669 1703 732 1779 luit,
753 1723 803 1763 cur
817 1703 1033 1782 antiquissimum
1046 1705 1162 1765 deorum
1182 1725 1232 1783 ge·

132 1818 185 1861 nnc
209 1805 312 1858 cetum
330 1795 484 1868 diceretur,
510 1803 539 1853 et
564 1814 615 1854 cnr
639 1796 688 1856 de·
701 1806 736 1856 e'o
764 1817 866 1877 genere
885 1817 919 1857 ea
938 1797 1131 1871 traderentur,
1157 1816 1230 1877 qnae

129 1895 168 1955 fr.
187 1900 204 1953 1
225 1893 308 1970 legis,
334 1907 462 1968 quaeque
488 1890 516 1947 in
540 1891 617 1948 nullo
636 1891 691 1949 ulio
710 1908 812 1966 genere
830 1890 929 1950 endem
951 1910 1013 1949 cum
1033 1892 1229 1968 perspicuitate

130 1986 272 2050 ebremari
295 1993 437 2063 poterant.
481 1984 637 2060 Antiquitac
661 2002 776 2043 romena
800 1987 886 2043 letina
915 1986 1086 2062 potissimum
1109 1994 1158 2043 aut
1182 2002 1228 2043 sae

129 2084 196 2143 binc
212 2081 267 2141 luit
285 2097 322 2137 ex
338 2077 468 2136 Varronis
486 2078 634 2151 sententie,
652 2078 772 2136 maxime
790 2078 819 2136 in
839 2079 922 2135 rebus
941 2077 1054 2150 diuinis,
1073 2075 1132 2136 uid.
1152 2076 1189 2136 de
1207 2079 1228 2137 l.

128 2178 149 2238 l.
169 2177 261 2248 (affl,
274 2173 324 2246 74,
339 2174 404 2233 1211.
444 2169 548 2229 lbidem
567 2168 613 2227 dei
631 2170 804 2229 Sabinorum·
820 2180 999 2229 recensentur
1016 2173 1153 2239 Mentora,
1171 2173 1228 2228 Fe-

126 2273 226 2340 rentio,
243 2269 393 2335 metuo,
411 2263 560 2333 Hercules,
582 2265 682 2338 voto,
703 2265 802 2335 Solus,¹
820 2269 954 2336 Fortuna,
976 2261 1108 2338 ForsG),
1131 2263 1226 2339 chss,

128 2363 231 2423 deinde
244 2379 262 2418 a
275 2360 360 2417 Tatio
378 2376 446 2434 rege
463 2359 616 2417 consecrati
632 2359 700 2434 Ope,
720 2357 809 2421 Floro
824 2359 889 2432 (cir.
901 2361 930 2432 7,
940 2357 1003 2432 46),
1026 2355 1135 2426 Vedios,
1154 2360 1228 2435 Iup-

127 2459 209 2537 piter,
227 2457 379 2521 Saturum,
397 2451 460 2529 Sol,
480 2455 576 2522 nmo,
599 2452 754 2526 Vulcanus,
773 2454 963 2525 Summanus,
983 2448 1136 2525 numia,
1156 2455 1229 2511 Τυν-

128 2554 230 2619 minus,
249 2548 393 2620 Quirinus,
415 2547 593 2616 Vomanus.
611 2548 713 2614 Larsa,
736 2547 842 2615 Diona,
860 2548 983 2617 Lucium
1002 2543 1080 2603 addit
1098 2546 1228 2622 Augusti·

129 2664 188 2706 nus
201 2643 238 2701 de
257 2660 281 2699 c.
302 2640 332 2697 d.
346 2642 378 2713 4,
391 2643 442 2712 23,
462 2638 595 2695 incertum
614 2655 650 2696 ex
668 2639 806 2713 Varrone,
825 2654 861 2697 an
881 2657 898 2698 e
917 2640 1026 2698 Seneca
1045 2638 1114 2712 (nid.
1135 2640 1226 2714 6,10)

130 2740 304 2801 amorum.
343 2734 450 2791 Horum
471 2733 653 2810 posteriorum
673 2731 807 2810 quosdam
825 2733 854 2790 in
875 2741 1005 2813 utruque,
1022 2734 1119 2799 sabina
1136 2742 1168 2793 et
1184 2735 1227 2791 la·

128 2835 203 2908 tina,
223 2832 316 2906 lingua
335 2826 441 2886 radices
460 2825 564 2886 habere
581 2829 620 2884 ait
639 2824 746 2884 Varro:
771 2836 837 2884 suot
854 2827 874 2885 ii
892 2827 959 2898 Sol,
978 2830 1078 2886 Dicito
1096 2826 1147 2899 (de
1165 2828 1187 2887 l.
1205 2828 1227 2887 l.

126 2931 157 3002 δ,
171 2927 224 2996 68)
244 2923 354 2983 mrim
366 2921 415 2995 (ib.
429 2922 492 2995 69),
511 2928 570 2978 tum
589 2920 648 2979 sine
667 2920 751 2979 dubio
764 2922 891 2998 luppiter·
908 2922 968 2979 siue
981 2924 1120 2999 Diespiter
1138 2919 1192 2996 (de
1203 2922 1227 2993 1.

125 3023 145 3082 l.
166 3024 196 3097 5,
210 3021 273 3094 66),
292 3015 344 3075 cir.
364 3031 448 3092 cupra
466 3013 503 3072 fr.
517 3013 547 3088 6,
568 3018 598 3073 e't
615 3017 767 3084 Selemnos,
786 3014 838 3073 clr.
858 3012 895 3073 ir.
910 3013 929 3091 d
947 3025 976 3073 et
989 3016 1025 3073 72
1051 3014 1088 3072 de
1107 3002 1239 3086 Quirine

125 3134 182 3175 non
197 3132 269 3192 opus
284 3116 327 3170 est
340 3113 464 3168 monere.
496 3107 547 3166 llis
566 3127 633 3186 ergo
652 3127 687 3166 ea
706 3117 786 3185 parte
803 3106 947 3183 detractis,
967 3122 1022 3185 que
1041 3107 1142 3167 slmiles
1161 3117 1227 3167 suut

124 3208 287 3267 Latinorum
306 3204 382 3278 deis,
407 3201 455 3281 qui
479 3201 613 3268 directim,
629 3200 776 3259 traduntur
795 3217 813 3258 a
830 3201 952 3261 Romule
970 3201 1038 3259 culti
1056 3200 1132 3277 apud
1153 3203 1224 3278 Aug.

125 3306 156 3376 4,
176 3305 230 3358 232
247 3302 349 3372 lcum,
368 3299 495 3374 Iuppiter
514 3296 606 3369 (Fert.
626 3314 656 3372 p.
667 3297 734 3369 194,
748 3297 785 3351 16
796 3293 897 3369 dext),
916 3299 1012 3364 More,
1030 3297 1116 3352 Rom
1134 3293 1226 3371 (Aug.

123 3415 149 3455 c.
169 3394 198 3454 d.
219 3383 267 3466 18,
289 3391 351 3467 15),
365 3395 495 3448 Furious
513 3391 609 3463 (Varc.
628 3388 665 3446 de
674 3389 703 3444 .1.
722 3387 741 3447 1.
761 3389 874 3461 7,,36),
901 3387 1047 3447 mimicus
1068 3388 1166 3461 (Varc.
1186 3387 1224 3446 de

122 3489 143 3549 1.
162 3487 183 3546 1.
203 3488 243 3560 du
254 3483 317 3557 80),
336 3483 478 3553 Herculeo,
496 3484 657 3560 intelligitur
674 3482 843 3552 Sabinorum
863 3481 1095 3540 deos-maximam
1114 3488 1223 3559 partem

122 3582 242 3643 nomina·
252 3578 381 3635 habaima
399 3578 537 3652 imposita,
557 3577 597 3633 nti
616 3574 738 3634 Tertull.
758 3574 794 3632 de
813 3574 908 3633 idolol.
928 3593 960 3652 p.
970 3576 1223 3650 lim-almorum

123 3682 205 3752 utque
224 3668 349 3744 conficto,
368 3688 388 3728 a
404 3673 487 3727 rebus
505 3669 636 3743 aeternis,
657 3686 730 3746 quae
749 3687 803 3725 usu·
820 3668 935 3725 ueniunt
954 3668 982 3741 in
1002 3668 1060 3726 uita
1072 3669 1223 3742 communi,

121 3771 189 3829 neor
208 3769 372 3826 Latinorum
390 3760 612 3823 solor-habuisse
629 3761 753 3819 fabulam
773 3761 949 3838 quantumuis
966 3759 1071 3839 exilem
1089 3772 1119 3820 et
1137 3762 1223 3838 origi·

119 3876 183 3922 uem
203 3861 361 3928 humanam,
380 3858 460 3916 uelut
478 3855 640 3913 Latinorum
652 3857 817 3932 ,putauerim
835 3855 1022 3913 unrrationem
1040 3855 1078 3914 de
1096 3855 1222 3925 Saturno

119 3973 193 4034 quae
211 3953 284 4014 inira
303 3963 346 4013 est
363 3952 410 4010 lib.
430 3946 563 4022 11111..
579 3949 610 4006 5.
647 3950 796 4007 Herculem
819 3950 930 4008 nonnisi
947 3948 1223 4008 leuitercoheerere

67 4058 70 4063 '
119 4068 182 4105 eum
203 4049 249 4106 illa
267 4046 372 4105 familia
390 4042 463 4102 infra
480 4041 627 4118 intelliges,
646 4042 723 4098 unius
739 4040 842 4121 ⁸tradem
860 4059 952 4120 paene
971 4051 1016 4101 est
1032 4043 1116 4116 ratio,
1134 4049 1222 4118 atque

117 4142 231 4202 Larium
249 4139 477 4220 apud·Sellinnsr
511 4135 686 4216 Dereliquie
703 4136 816 4196 memini
834 4134 1017 4212 Niebuhrium
1037 4131 1066 4193 l.
1079 4134 1118 4192 R.
1138 4138 1167 4202 1,
1180 4133 1222 4189 94
