2550 4574
146 280 291 332 cccxxvi
621 244 758 330 choicae
848 296 852 303 ·

146 436 175 495 in
194 431 364 514 grauioribus
382 435 414 488 nt
431 429 546 504 &8323
563 431 594 505 3,
609 430 659 505 et,
678 429 726 488 uhi
744 429 796 488 nisi
812 427 917 487 Forum
930 427 1009 489 Decii
1023 428 1097 491 Ptin.
1109 439 1171 495 nat.
1181 432 1243 495 hiat.

147 533 178 604 3,
189 531 226 585 12
245 533 294 585 aut
306 521 424 581 Forulos
442 521 507 583 Liu.
522 523 572 595 26,
584 526 619 579 ll
639 522 776 600 intelligas
791 521 939 581 Petauiani
957 525 1097 603 scriptura
1112 528 1243 606 explicari

147 621 193 680 nin
208 625 309 698 potest,
328 623 360 674 ut
378 618 407 684 3,
420 617 485 685 127,
506 615 554 674 ubi
572 632 655 693 porea
672 634 755 675 seusu
773 614 901 694 prolecto
920 628 1008 691 caret,
1024 625 1121 696 putrer
1140 620 1177 681 de
1194 619 1241 680 de·

148 713 231 772 curiis
250 719 407 770 senatorum
426 707 617 786 accipiendum
636 707 759 783 uidetur,
778 708 893 784 Dionys.
907 708 971 766 Hal.
985 710 1075 786 2,57,
1094 711 1191 790 Lydus
1209 713 1241 773 da

146 808 268 885 magistr.
285 805 370 879 1,16.
401 801 453 859 Est
470 802 518 858 ubi
537 799 605 860 nihil
624 819 714 880 prope
731 801 1040 861 interestPetauianum
1059 822 1096 863 an
1115 804 1240 867 lllelden·

82 928 85 933 ·
146 918 205 959 sem
223 896 360 976 sequaris,
380 906 411 953 ut
430 897 460 969 4,
479 895 551 954 500:
578 895 664 953 habui
682 896 766 971 igitur
785 895 919 954 honorem
938 905 1006 954 natu
1025 896 1135 957 maiori.
1175 899 1239 957 Cum

146 991 253 1051 Arund.
273 999 303 1048 et
321 989 402 1047 Voss.
424 1007 621 1067 nonnunquam
641 989 833 1067 cognationem
858 988 953 1068 prodit
971 988 1143 1062 llfeldensis,
1167 996 1237 1065 uti,

145 1088 183 1144 81
195 1105 256 1162 sq.;
277 1088 349 1157 1223
369 1083 399 1156 4,
413 1083 487 1156 3683
506 1082 573 1141 565.
611 1081 670 1141 Sed
699 1083 783 1158 longa
808 1082 896 1140 maior
921 1090 964 1140 est
988 1085 1166 1156 necessitudo
1182 1103 1236 1143 cum

144 1176 394 1236 fraudulentissima
413 1174 555 1250 italorum,
574 1175 702 1234 Vaticani
719 1175 812 1253 primi,
833 1175 1044 1252 Zulichemiaui,
1066 1175 1236 1236 Macariuiaui

89 1310 92 1323 .
144 1270 260 1344 familia,
280 1287 349 1346 quos
368 1285 430 1334 cum
445 1266 538 1325 multis
557 1273 586 1325 et
603 1266 771 1344 grauissimis
789 1268 818 1325 in
838 1268 906 1327 lucis
925 1277 1035 1327 teneam
1054 1267 1121 1344 doli,
1142 1280 1235 1357 mun

146 1372 238 1437 tumen
258 1360 457 1437 asturigiuem
472 1358 576 1417 ducere
596 1377 614 1418 a
633 1359 729 1420 codice
747 1360 893 1439 singularis
914 1371 998 1421 uotae
1017 1361 1144 1421 nondum
1160 1364 1235 1421 inter·
1272 1352 1274 1435 i

145 1458 241 1536 polato
260 1464 289 1514 et
307 1452 445 1513 llsaldensi
470 1451 616 1512 simillimo.
655 1454 727 1512 Cum
755 1470 823 1530 ergo
850 1454 879 1511 in
904 1455 936 1514 ils
962 1456 1089 1514 carminis
1109 1457 1234 1536 partibor,

145 1566 220 1630 quae
238 1556 333 1608 extant
357 1547 386 1604 in
412 1544 552 1604 llfeldeusi
570 1563 774 1624 saepenumero
795 1565 858 1604 cum
876 1547 930 1606 hoc
950 1550 1033 1607 etiam
1055 1550 1120 1609 illos
1136 1557 1234 1609 secutus

145 1644 214 1718 sim,
237 1658 355 1719 cumque
375 1648 524 1717 praeterea
540 1637 700 1714 saepissime
718 1637 828 1696 illomm
847 1641 998 1718 scripturas
1016 1641 1103 1703 luisse
1121 1644 1152 1702 in
1170 1641 1233 1703 llfcl·

145 1735 224 1795 densi
242 1732 383 1811 integriori
401 1731 547 1809 probabile
564 1730 611 1804 sit,
630 1736 725 1787 tamen
744 1730 882 1791 ransdme
899 1733 963 1792 illos
981 1742 1078 1794 tantae
1095 1737 1234 1796 auctuum·

145 1828 180 1888 tis
198 1827 317 1885 uicarios
329 1823 424 1883 facero
439 1824 529 1903 potui.
560 1821 636 1880 Nate
654 1831 698 1880 ert
716 1824 897 1902 inaequalitas
915 1827 1068 1904 quaedam:
1086 1829 1140 1889 sed
1157 1831 1235 1889 uiue

144 1919 199 1979 hoc
217 1928 260 1979 est
279 1918 374 1976 uitium
394 1918 439 1975 uel
458 1917 582 1990 leuitate,
601 1932 686 1993 quarn
703 1917 868 1994 quibusdam
887 1920 1025 1998 relinquo,
1044 1921 1155 1982 codices
1167 1923 1234 1981 blan

145 2013 197 2072 dos
214 2014 336 2071 incertae
355 2012 452 2070 aetatis
477 2008 543 2085 (uel
561 2009 666 2066 saeculi
683 2011 754 2068 sexti
773 2011 887 2083 decimi,
906 2021 937 2071 ut
956 2014 1141 2075 Combianum
1159 2016 1233 2075 Drst-

145 2084 277 2181 deusem)
304 2094 419 2164 uetustis
443 2101 660 2182 aequiparandi,
685 2103 733 2162 uel
757 2103 874 2165 audacia
898 2125 953 2185 pro
975 2108 1057 2167 certis
1084 2108 1244 2185 uenditsud‘r,
1271 2130 1273 2185 f

166 2200 308 2259 robahilia.
1271 2218 1273 2225 ·

144 2219 165 2367 l.)
222 2294 250 2351 h.
289 2292 393 2350 Notam
413 2294 441 2350 n
461 2290 532 2368 gerit
550 2289 639 2350 codex
656 2290 761 2369 primus
778 2291 999 2371 Bauaricus,
1016 2290 1164 2355 hluoachio
1180 2293 1231 2352 Be-

146 2385 265 2443 roliuum
285 2384 459 2442 transmissus
478 2402 571 2443 meum
596 2384 627 2442 in
652 2404 732 2442 usum
750 2385 944 2446 intercessione
963 2405 997 2446 ac
1015 2391 1153 2466 permissu
1167 2405 1230 2447 sum·
1270 2384 1273 2445 i

146 2495 254 2534 morum
274 2478 407 2548 uirorum,
428 2475 567 2534 clarissimi
586 2486 616 2535 et
634 2478 793 2536 immortalis
811 2481 961 2541 memoriae
979 2499 1073 2540 rerum
1087 2480 1229 2540 dicium
1270 2514 1272 2519 ·

147 2585 276 2646 quaeque
297 2567 450 2626 eruditione
469 2569 644 2627 continentur
662 2588 752 2648 nuper
771 2572 952 2633 moderatoris
975 2573 1054 2634 liberi
1072 2576 1181 2636 baronis
1196 2574 1229 2632 ab
1270 2632 1272 2657 ,

146 2661 379 2733 Alteusteiu,
403 2660 561 2737 amplissimi
586 2660 742 2740 horumque
766 2664 918 2725 studiorum
942 2670 1096 2746 grauissimi
1115 2670 1229 2730 aoedma·
1270 2688 1272 2709 ²

147 2754 215 2812 toris
242 2752 392 2811 loannis
418 2752 602 2829 Schulzii,
628 2754 808 2816 bibliothecae
830 2762 923 2839 regiae
945 2756 1120 2822 Monacensis
1145 2761 1230 2823 sunni
1270 2750 1272 2755 ¹

147 2845 281 2924 praefecti
301 2845 471 2905 illustrissimi
490 2855 519 2906 et
537 2847 701 2905 uenerabilis
720 2847 1016 2912 Lichtenthalerir
1036 2857 1136 2934 quibus
1152 2873 1229 2936 qnan-

146 2947 205 2996 tum
224 2938 353 2997 deberem
373 2957 436 2996 cum
454 2941 583 3017 cogitatio
608 2941 692 2999 subiit
717 2940 759 3001 his
785 2946 864 3005 anuis
883 2947 1029 3026 postremis
1049 2942 1162 3010 mirifice
1178 2966 1229 3008 sum

146 3032 174 3089 in
193 3031 337 3090 tolerando
356 3031 452 3088 labore
470 3031 642 3093 obfirmatus.
680 3034 795 3095 Librum
813 3040 853 3098 ita
870 3041 1028 3119 insignitum
1047 3036 1228 3118 acceptior

146 3123 406 3198 Mollersdorsertsis
425 3142 454 3183 rt.
476 3129 510 3185 ll
517 3129 556 3186 -in
574 3116 631 3187 out.¹
647 3128 757 3189 mertrbr.
776 3148 849 3191 auec.
867 3133 934 3193 ΧΠ
950 3141 1084 3194 samiam
1099 3135 1177 3210 [aliia
1191 3128 1236 3195 aa·

145 3222 291 3294 proruptura
308 3237 375 3277 sao.
412 3217 538 3297 Scriptus
557 3229 599 3280 est
617 3222 757 3281 luculente
775 3232 804 3282 et
822 3227 973 3304 eleganter.
1004 3228 1102 3287 Insunt
1121 3231 1230 3309 scriptu·

147 3328 195 3367 raa
214 3312 376 3389 compendia
394 3312 542 3391 singularia
561 3322 591 3373 et
608 3316 660 3373 nisi
680 3302 763 3374 fallor
781 3325 907 3394 uetusta,
926 3330 959 3379 ut
976 3319 1033 3379 NT
1052 3322 1081 3380 iu
1100 3322 1156 3384 fine
1172 3341 1231 3382 aon·

147 3402 250 3472 iuncta,
270 3413 302 3460 ut
321 3404 430 3475 uocalis,
441 3425 462 3464 a
480 3407 694 3484 longobardica,
713 3428 785 3487 quae
803 3411 868 3469 olim
886 3413 1042 3492 dicebatur,
1059 3415 1151 3476 forma
1165 3415 1232 3493 infra

57 3492 61 3498 ’
146 3512 268 3553 annena:
294 3513 365 3568 rom,
383 3495 412 3555 h.
432 3515 458 3556 e.
478 3516 578 3576 ronan,
600 3499 664 3560 alia.
703 3501 809 3563 Littera
826 3514 920 3566 mmeu
938 3526 955 3566 s
973 3527 1028 3567 uon
1048 3528 1115 3569 raro
1132 3517 1172 3569 est
1187 3527 1232 3566 ru·

145 3587 250 3663 wuda,
274 3607 308 3647 aa
325 3590 489 3667 plerumque
507 3609 522 3650 a
540 3611 603 3652 cum
622 3596 748 3674 uirgula,
773 3597 910 3658 Interdum
929 3618 945 3659 s
962 3601 1089 3679 simplex.
1128 3604 1233 3664 luerem

146 3681 228 3738 etiam
248 3682 413 3758 glossemata
432 3683 522 3771 bqnae
538 3685 625 3767 frugis
644 3710 701 3750 nou
719 3690 810 3750 inania
829 3710 882 3752 nec
905 3695 967 3772 ipsa
985 3697 1123 3774 scriptura
1143 3716 1235 3758 recen·

145 3773 216 3832 tiora
235 3777 275 3833 uti
295 3777 399 3854 aliquot
416 3781 582 3853 argumentis
604 3784 782 3862 colligebam,
808 3803 882 3862 quae
901 3787 1013 3865 longum
1033 3797 1075 3847 est
1098 3791 1234 3870 persequi.
1264 3864 1269 3874 „

146 3864 217 3924 Cum
244 3868 314 3926 liber
339 3869 374 3926 sit
400 3869 523 3947 integer,
550 3893 612 3933 cum
638 3879 788 3957 scripturas
812 3877 914 3938 habeat
938 3882 1040 3960 ubique
1064 3878 1235 3961 propriaset

144 3958 309 4038 plerumque
327 3963 451 4040 egregias
470 3982 561 4042 neque
579 3977 628 4026 aut
648 3971 782 4031 barbariei
800 3972 930 4032 obnoxias
948 3983 997 4032 aut
1017 3975 1172 4036 ullomodo
1190 3995 1235 4034 su·

143 4061 268 4127 spectas,
289 4072 351 4111 cum
370 4055 486 4113 collatur
504 4059 541 4117 sit
558 4078 576 4118 a
595 4078 640 4120 me
658 4063 818 4141 diligenter,
837 4064 890 4123 boc
907 4068 1077 4145 potissimum
1098 4068 1235 4148 praesidio

132 4137 266 4221 ¹condicio
284 4147 378 4207 critica
395 4149 521 4212 carminis
539 4150 671 4217 Ouidiani
694 4175 755 4217 rere
780 4159 918 4237 tuebitur,
944 4161 1035 4221 donec
1056 4160 1235 4223 dffimtutss
