2550 4574
134 217 204 271 cxx
237 255 239 258 <
546 204 549 208 ’
571 217 616 267 on
636 200 790 268 arnonus

81 428 84 433 .
135 374 233 435 nodtia
250 372 333 435 Vrbis
352 389 388 433 eo
405 369 517 432 nonina
533 368 653 431 roiam
671 369 771 433 οοάαο
788 370 817 431 in
837 370 900 431 loeo
917 358 1001 431 titoni
1019 388 1082 432 aue
1100 371 1236 452 potuisse.

140 471 213 529 trio
229 467 296 542 foto
316 465 489 546 explicantur
506 461 544 525 de
559 465 658 525 matri
671 466 787 543 Flauio,
806 464 866 525 sins
878 464 935 523 ollo
953 475 1129 542 argumento,
1148 484 1238 545 qnan-

136 569 196 620 tum
215 561 351 638 intelligo,
371 578 434 618 oum
449 555 525 637 apud
534 559 707 619 Anastasiou
722 561 751 618 in
768 559 827 618 uita
836 559 952 617 Honorii
968 569 999 619 et
1014 560 1043 618 in
1057 560 1115 619 uita
1126 559 1237 618 Adriani

137 654 254 715 Sarrano
273 651 359 715 Viam
378 652 513 731 significet
531 669 566 711 ea
585 652 746 731 appellatio.
785 652 913 730 indigent
929 669 998 729 ergo
1016 655 1069 711 ista
1087 670 1141 728 eo,
1161 651 1237 735 qnod

135 744 175 804 ita
187 745 356 806 affirmatorr
374 746 405 807 Ιλ
419 745 521 806 serora
535 745 693 806 oloireroaot
704 745 738 805 da
752 753 812 806 iord
825 745 929 805 iarooil
948 744 1077 816 d‘iluida,
1096 745 1238 824 hundos

137 836 286 916 l‘oppliqna
303 843 322 898 d
339 840 371 899 lo
390 839 509 911 loooliti,
528 856 580 916 qao
593 858 622 898 os
636 839 734 917 templo
748 838 782 898 da
793 844 883 899 Ιαααο
900 841 996 898 s’oots
1014 839 1088 899 door
1106 858 1158 900 roo
1178 843 1238 900 ori-

136 933 200 1007 pioa
217 949 268 1009 prta
283 932 313 992 lo
331 939 408 1011 porto
425 931 459 992 da
476 931 552 992 i'oro
569 931 608 992 do
630 931 762 1010 capitolo.
805 932 878 990 G’sot
895 933 1121 1007 prioioortsot
1139 952 1170 993 or
1188 951 1239 1011 pro

138 1022 264 1085 Notata
282 1044 302 1086 o
318 1025 405 1086 rendit
421 1024 549 1104 proludia
565 1043 620 1105 por
638 1024 686 1085 dos
704 1024 860 1085 inductione
877 1023 1051 1103 tutarique.
1078 1028 1155 1087 Vtor
1169 1027 1238 1086 Nie-

138 1118 231 1177 buhrii
250 1119 370 1180 editione
389 1118 454 1180 anni
469 1109 556 1195 1860,
574 1108 622 1177 ubi
639 1120 726 1196 longe
743 1119 853 1178 diuersa
873 1119 1018 1196 legantur:
1036 1121 1061 1180 si
1074 1120 1152 1199 quod
1164 1119 1238 1178 forte

139 1212 215 1273 uliud
231 1214 288 1273 eins
304 1215 436 1294 seriptum
454 1215 507 1272 ista
522 1212 608 1270 uerba
622 1211 751 1288 innuunt,
769 1212 891 1272 sustineo
906 1211 1045 1283 iudicium.
1073 1212 1157 1291 Apud
1167 1211 1239 1271 Osi·

140 1305 216 1365 dinrn
235 1326 297 1366 oum
315 1325 345 1365 n.
366 1310 423 1366 266
443 1306 552 1366 codices
570 1303 692 1364 labeant
711 1309 854 1399 opporttno
871 1323 965 1377 οοοαο,
993 1315 1112 1385 apparet
1129 1313 1240 1384 portam

141 1398 265 1476 indicari,
284 1420 340 1460 non
358 1420 415 1481 qua
434 1399 577 1478 eruperint
595 1397 709 1475 Sabini,
725 1401 776 1460 sed
794 1418 851 1479 qna
865 1401 999 1479 irrupturi
1017 1400 1136 1475 fuerint,
1153 1406 1240 1478 prout

126 1493 223 1551 ‘etiarn
240 1503 283 1552 est
300 1503 367 1554 met.
386 1496 435 1571 14,
443 1498 501 1554 780
508 1512 571 1572 sqq.
609 1491 689 1550 Fecit
707 1493 792 1570 igitur
808 1504 894 1572 poeto
911 1493 988 1572 qnod
1008 1503 1110 1572 poetm
1125 1492 1239 1566 tutat,

140 1588 296 1664 praeteritis
321 1587 383 1663 his,
407 1607 480 1666 quae
497 1586 644 1662 Dionysius
661 1591 693 1662 2,
708 1588 744 1644 41
764 1587 865 1647 tradita
890 1577 927 1649 ‘O
947 1583 983 1647 δὲ
1004 1577 1119 1655 Τάτιος
1136 1578 1189 1643 καὶ
1208 1576 1239 1640 oi

40 1690 45 1695 '
142 1675 273 1755 Σαβῖνοι
299 1677 449 1761 φρουρίου
472 1671 627 1760 γενόμενος
653 1681 802 1758 καρτεροῦ
831 1677 931 1761 scriptor
956 1677 1008 1741 troi
1033 1678 1143 1748 αλεΐςα
1178 1666 1240 1735 rdi'r

139 1761 298 1850 Ῥωμαίων
311 1767 483 1852 ἀποσκευῆς
497 1766 622 1849 ἀμοχθὶ.
633 1767 857 1854 παρειληφότες
875 1770 909 1834 dr
925 1774 982 1834 roii
998 1766 1161 1852 ἀσφαλοῦς
1177 1762 1239 1848 ἤδη

142 1857 403 1944 adorditur
423 1861 629 1946 διέφερον,
649 1866 790 1926 destinauit
811 1868 927 1928 adrem
947 1866 1242 1944 narrandam,'qoam

141 1963 284 2037 praeteriit
300 1960 529 2038 Dionysios5sed
548 1979 609 2018 eom
629 1960 688 2018 aliis
705 1962 917 2040 comprehendit
935 1963 1026 2022 uerbis
1045 1960 1241 2039 sequentibus:

142 2046 267 2133 piparas¹
286 2049 321 2112 δὲ
345 2049 379 2113 ἐκ
397 2046 597 2133 παρατάξεως
616 2043 704 2121 ὅλαις
724 2056 794 2124 ταῖς
812 2044 979 2133 δυνάμεσι,
1006 2046 1085 2132 πρὸς
1104 2043 1243 2137 ἀλλήλας

143 2137 268 2223 μάχαι
286 2143 420 2208 διτταὶ
447 2143 499 2207 καὶ
524 2137 621 2228 φόνος
645 2139 797 2226 ἑκατέρων
816 2141 924 2218 πολύς.
961 2147 1065 2207 Versus
1084 2149 1155 2221 263,
1173 2145 1244 2219 264,

143 2258 262 2318 quorum
280 2241 308 2300 io
327 2243 473 2322 posteriori
497 2242 580 2302 codd.
600 2242 780 2319 scriptoram,
805 2261 890 2321 quarn
908 2240 1042 2315 exhibeo,
1069 2239 1154 2299 uelim
1172 2256 1244 2316 per-

142 2332 229 2411 pendi
247 2335 284 2393 ab
302 2336 509 2414 arclraeologis,
536 2344 680 2414 utramque
699 2353 734 2394 er
759 2337 902 2395 annalibus
922 2341 1080 2413 exoarptnrn
1099 2331 1243 2390 historiam

145 2424 174 2480 in
193 2444 321 2485 sermone
345 2429 449 2504 garruli
473 2430 594 2488 seniliter
618 2429 664 2488 dei
689 2438 853 2489 connectere
871 2428 1014 2487 uidenturr
1042 2445 1126 2486 uersu
1144 2425 1202 2483 266
1221 2423 1245 2482 si

146 2519 232 2594 paulo
244 2519 352 2598 longius
372 2523 424 2579 iter
442 2522 589 2598 indicatur,
609 2523 699 2600 aptius
718 2521 748 2580 id
766 2532 820 2600 eat,
839 2542 923 2603 quam
941 2524 965 2581 si
983 2522 1087 2596 omna,
1106 2528 1139 2576 nt
1151 2519 1245 2596 putari

144 2607 240 2687 uideo,
259 2614 289 2670 in
307 2623 401 2672 monte
417 2614 575 2692 Capitolino
594 2616 791 2693 transiguntur.
824 2617 901 2676 Nihil
919 2617 1003 2694 igitur
1020 2612 1097 2693 apud
1110 2610 1245 2671 Ouidium

145 2711 212 2780 est,
233 2706 284 2765 nisi
301 2705 376 2765 forta
392 2724 461 2765 uere
485 2718 645 2766 asseuerant
670 2711 811 2786 elegantes
834 2711 959 2770 homines
978 2729 995 2767 a
1013 2706 1197 2786 grammaticis
1215 2713 1247 2763 et

147 2795 297 2858 editoribus
315 2801 436 2858 omnium
455 2801 565 2858 minime
582 2801 696 2879 intelligi
716 2813 825 2862 ueteres
843 2804 1009 2881 scriptores,
1033 2800 1102 2865 nihil
1118 2810 1178 2874 est,
1199 2800 1247 2857 in-

146 2908 252 2969 quam,
279 2912 337 2971 quo
362 2911 494 2972 cogamur
518 2895 675 2952 testimonia
698 2895 734 2954 de
753 2897 812 2956 lani
829 2897 924 2956 sacelli
942 2898 1004 2956 loeo
1021 2911 1107 2973 snpra
1126 2893 1247 2952 indicata

146 2981 262 3064 insuper
278 2987 399 3062 habere3
419 2986 448 3044 id
466 3006 553 3045 unum
571 2997 667 3059 restat,
686 2988 772 3048 atde
791 2989 896 3050 oona
908 2988 992 3064 foris,
1012 3007 1041 3046 u.
1052 2988 1123 3062 268,
1144 2987 1246 3046 docea-

148 3085 204 3154 tur,
223 3080 253 3143 in
271 3100 389 3160 quorum
408 3080 527 3140 confinio
544 3080 574 3139 id
592 3083 711 3160 positum
729 3081 814 3143 inisse
832 3083 972 3143 oonoeffit.
1004 3082 1130 3138 Alterum
1147 3081 1172 3139 si
1185 3081 1247 3138 Ro·

147 3187 260 3230 manum
278 3174 343 3251 fuit,
361 3176 479 3234 alterum
495 3175 547 3234 snb
562 3175 670 3234 Carinis
687 3175 771 3235 inerit
788 3195 901 3236 necesse
915 3184 969 3251 est,
988 3173 1064 3253 quod
1077 3173 1164 3232 oredo
1178 3192 1247 3252 pro·

147 3263 252 3322 misene
275 3266 368 3340 sonim
386 3273 566 3348 ptsoowrirtm
585 3279 614 3329 et
631 3269 777 3329 mosellam
800 3270 922 3346 dicmm,
950 3268 1014 3327 nida
1041 3267 1078 3326 de
1103 3277 1246 3345 postrema

149 3354 335 3433 appellatione
351 3362 431 3420 Varr.
450 3363 486 3421 de
504 3364 525 3423 l.
544 3363 565 3421 l.
583 3361 613 3437 6,
633 3363 700 3436 146,
721 3365 795 3436 147,
820 3361 902 3420 Paul.
920 3361 1001 3423 Diae.
1020 3380 1050 3438 p.
1061 3361 1111 3433 48,
1126 3359 1164 3417 16
1182 3377 1247 3417 cnm

150 3457 245 3508 annot.
263 3451 359 3511 Muell.
399 3457 459 3513 Hoc
483 3457 594 3515 nomine
616 3455 720 3513 Paulos
737 3454 817 3512 Diae.
836 3473 867 3531 p.
878 3455 946 3530 126,
959 3457 990 3530 7,
1017 3453 1064 3511 ilio
1082 3452 1179 3510 Liuius
1196 3454 1248 3526 40,

151 3539 189 3600 61
209 3542 238 3599 id
258 3554 412 3604 extructum
439 3558 554 3606 narrant
578 3567 653 3606 anno
670 3530 708 3606 V.
728 3547 763 3606 C.
782 3548 839 3605 676
858 3565 876 3605 n
894 3548 938 3629 Μ,
955 3546 1070 3605 Aemilio
1088 3544 1198 3624 Lepido
1219 3555 1247 3604 et

150 3633 192 3696 Μ.
207 3636 307 3696 Fuluio
321 3638 466 3698 Nobiliore
484 3641 652 3699 censoribus.
690 3639 782 3700 Locos
801 3641 932 3700 definitor
949 3651 1007 3699 non
1025 3640 1109 3717 longa
1126 3656 1145 3697 a
1160 3638 1247 3698 Socra

149 3728 215 3805 uia,
233 3729 316 3791 Varr.
336 3732 372 3790 de
390 3733 411 3790 l.
430 3733 450 3791 l.
469 3734 580 3808 6,162,
600 3751 653 3792 neo
672 3735 760 3792 molto
778 3734 887 3812 longius
906 3752 923 3793 α
941 3733 1017 3809 spru,
1034 3750 1117 3810 quarn
1135 3730 1246 3791 inarurt

150 3820 298 3883 lautomiae
317 3832 347 3885 et
363 3826 468 3884 Atrium
487 3826 625 3902 Regium,
650 3826 715 3886 Liu.
734 3830 783 3902 26,
803 3831 851 3886 27.
888 3826 970 3906 Ipsae
991 3824 1064 3884 adeo
1087 3824 1245 3898 lautomiae,

150 3913 174 3972 si
193 3913 323 3976 Bunsenii
342 3919 556 3998 disputationem
576 3939 642 3980 ann.
661 3931 683 3979 t.
700 3926 731 3995 8,
749 3941 780 3999 p.
794 3924 852 3979 227
869 3921 950 3998 sequi
969 3919 1050 3992 uelis,
1070 3936 1126 3977 non
1146 3916 1244 3996 loupia-

65 4064 69 4079 .
149 4008 218 4066 sime
243 4028 260 4067 n
286 4011 348 4070 soro
374 4013 521 4090 piscatorio
546 4012 682 4073 afuerint.-
707 4010 757 4073 ssd
782 4014 837 4072 alia
852 4014 963 4073 'madet
978 4013 1062 4071 Varr.
1080 4012 1118 4072 de
1136 4013 1157 4071 l.
1177 4012 1199 4070 l.
1212 4008 1243 4086 6,

151 4101 219 4179 161,
238 4107 423 4182 prosteriora
439 4106 584 4181 edisseruit
597 4109 752 4170 linnsaoios
770 4107 858 4169 deser.
878 4107 948 4170 Vrb.
969 4112 1044 4183 3,1,
1063 4125 1093 4187 p.
1103 4109 1156 4184 70,
1171 4108 1215 4165 il.
