2550 4574
472 248 516 295 M*
539 244 742 295 consanam
758 242 761 250 ¹
1118 247 1154 295 11

54 407 159 460 oontm
179 397 341 460 disserendo
365 399 446 458 istam
464 400 621 479 opinionem
639 407 775 460 euertere.
813 395 954 457 Ludorum
972 407 1107 461 statorem
1124 407 1154 461 et

54 496 226 573 perenuium
258 512 399 575 nonquam
426 513 482 552 non
509 494 587 552 naria
612 492 726 551 fuerunt
751 510 871 570 generas
897 484 1176 571 'qoianriqnamn

55 597 159 660 erant,
186 587 315 665 distingui
333 597 463 666 poterant
481 605 499 645 a
516 586 736 663 magistratibus,
756 586 804 662 qui
822 602 869 642 eos
888 583 1024 656 edebant,
1041 594 1154 664 praeto-

58 698 104 739 res
123 676 302 756 gladiatorios
322 681 539 758 Quinquatribus
558 687 587 737 et
605 679 794 756 Apollinares,
813 676 914 735 aediles
932 679 1040 745 curules
1057 677 1154 756 blegn-

60 771 165 846 lenses,
192 772 294 831 aediles
312 775 413 852 plebeii
431 773 576 842 Cereales,
594 772 754 844 Romanos,
771 770 913 844 Plebeioa,
931 769 1065 830 Florales.
1102 773 1155 831 Di·

59 865 152 922 stincti
171 866 254 923 etiam
274 877 339 926 sunt
363 869 436 925 iuter
460 866 522 923 illos
547 863 605 922 ludi
630 864 720 937 sacri,
746 865 844 941 quibus
862 864 974 942 epulum
994 864 1156 941 parabatur,
1181 864 1215 943 '3'

56 957 112 1016 Dio
134 959 181 1027 51,
202 965 233 1032 l,
257 960 333 1037 quod
356 961 417 1019 fieri
442 960 551 1018 solitum
574 958 674 1017 animm
692 958 824 1015 Romanis
844 965 873 1014 et
889 955 1026 1031 Plebelis,
1051 966 1080 1015 et
1096 955 1155 1015 lor-

59 1061 136 1109 tasse
152 1052 366 1130 Megalensibus,
384 1053 435 1110 nisi
453 1052 507 1111 lroc
525 1068 638 1130 quoque
654 1049 692 1109 ad
710 1050 863 1128 posteriora
881 1050 1001 1127 pertinet
1020 1043 1154 1128 tempoia.

58 1144 124 1203 Nec
140 1164 212 1223 nego
231 1147 353 1224 potuisse
366 1146 471 1222 aliquot
489 1164 524 1203 ex
542 1145 594 1202 illis
613 1145 714 1222 signari
731 1143 940 1203 honorariorum
957 1143 1085 1202 ludorum
1103 1160 1155 1202 no·

59 1239 150 1297 mine:
176 1240 276 1298 sobnm
295 1240 368 1297 enirn
386 1242 432 1296 ius
449 1237 627 1298 boaormirau
644 1237 747 1297 ἀὶοῖοεο
766 1256 845 1315 esse,
870 1236 946 1315 qnod
962 1237 1155 1315 proficisceba-

60 1337 107 1389 tur
126 1349 144 1388 a
162 1332 337 1410 praetoribus
356 1339 385 1391 et
402 1329 536 1389 aedilibus
554 1332 702 1404 curulibus,
723 1330 874 1409 Tlreopbd.
888 1330 936 1391 lib.
946 1337 973 1388 l.
987 1331 1030 1390 tit.
1038 1337 1066 1389 2.
1078 1333 1139 1404 §.7
1145 1351 1155 1388 a

60 1418 179 1501 ἐλέγετο
199 1418 235 1482 δέ
248 1414 274 1501 ἦ
293 1419 411 1482 τούτων
428 1419 600 1498 νομοθεσία
624 1428 670 1483 ius
687 1423 882 1499 ίνοοονανίοοε,
903 1415 1012 1501 ,ἐπειδὴ
1037 1418 1080 1492 είς
1098 1414 1155 1500 τὴν

60 1510 155 1592 τιμὴν
178 1517 247 1577 τῶν
262 1509 419 1595 ἀρχόντων
438 1511 569 1575 καὶτῶν
587 1512 736 1577 τιθέντων
756 1509 875 1592 ἐκράτει
893 1516 993 1574 ταῦτα
1010 1511 1062 1575 καί
1082 1512 1156 1583 ἐπο-

60 1603 207 1669 λιτεύετο.
228 1607 280 1669 καὶ
299 1605 328 1668 oi
348 1603 463 1679 αίδιλες
482 1595 536 1668 οὖν
559 1606 764 1686 ἐνομοθέτουν
784 1607 854 1687 περί
871 1627 962 1668 τινων
981 1603 1156 1686 κεφαλαίων

60 1699 113 1761 καί
133 1697 170 1764 τὰ
190 1696 307 1764 τούτων
326 1695 444 1762 ἐδίνεον
468 1698 561 1782 μέρος
585 1700 704 1782 γέγονεν
728 1697 798 1780 ἤτοι
817 1697 964 1782 σονήφθη
985 1702 1028 1784 τῷ
1047 1698 1157 1783 ἐδίκτρε

59 1796 122 1855 τῶν
141 1789 198 1856 δύο
219 1789 404 1875 πραττόρων.
444 1799 560 1857 Fuerint
579 1818 645 1876 ergo
661 1799 851 1876 Quinquatrus
864 1799 1035 1876 Apollinares
1052 1805 1082 1856 et
1093 1796 1155 1855 ble-

60 1891 189 1968 galesiaci
214 1890 274 1950 ludi
297 1891 446 1951 honorarii.
493 1893 597 1950 Verum
622 1908 713 1969 neque
738 1909 773 1950 ex
795 1910 893 1950 eormn
915 1891 1040 1950 omnibns
1060 1889 1155 1948 diebus

60 2001 192 2043 numerus
211 2003 228 2043 a
247 1985 382 2045 Suetonio
401 1984 518 2044 traditus
538 1984 651 2043 confieri
669 1985 777 2063 potuit,
802 1985 827 2043 si
848 1985 924 2043 illam
943 1983 1156 2062 appellationem

60 2087 244 2154 propagatam
271 2087 401 2156 putemus
427 2078 471 2137 ad·
489 2079 605 2156 Augusti
632 2088 774 2158 tempora,
801 2095 894 2156 neque
917 2077 975 2135 ullo
1002 2074 1156 2137 testimonio

60 2171 198 2248 probatur
216 2172 291 2229 illam
308 2172 451 2244 Varronis,
470 2173 516 2232 uel
534 2169 674 2231 Ciceronis
693 2181 785 2230 natata
802 2172 831 2229 in
852 2189 903 2229 asu
921 2170 1014 2229 luisse.
1043 2167 1157 2245 Simpli-

10 2272 13 2280 '
60 2265 121 2322 oior
140 2274 207 2322 tunc
225 2265 354 2323 ludorum
367 2267 438 2325 ratio
450 2251 574 2325 nondam
586 2265 617 2325 id
631 2265 775 2346 discrimen
788 2263 952 2341 requirebat.
985 2262 1059 2320 Nam
1074 2278 1157 2340 prae·

61 2367 107 2417 ter
123 2360 185 2417 illos
205 2358 421 2435 antiquissimos,
446 2356 483 2417 de
501 2360 599 2437 quibus
618 2359 690 2417 infra
713 2358 749 2416 ad
773 2357 927 2434 fragmenta
944 2356 1006 2414 libri
1024 2355 1064 2413 lX
1082 2364 1111 2414 et
1129 2354 1157 2417 X

10 2486 12 2527 t
60 2470 156 2511 rerum
170 2452 256 2510 diuin.
278 2460 387 2528 agetur,
405 2453 434 2511 in
453 2452 539 2510 fastos
559 2462 624 2510 anta
644 2453 790 2511 Caesarem
811 2451 972 2509 dictatorem
990 2451 1059 2509 nulli
1077 2449 1157 2508 relati

10 2568 12 2575 ¹
60 2556 162 2619 erant,
191 2553 305 2623 praeter
335 2544 415 2603 ludos
443 2548 575 2604 uictoriae
601 2547 751 2620 Sullanae,
778 2546 814 2604 de
841 2545 939 2622 quibus
965 2544 1038 2605 Vell.
1056 2549 1087 2617 2,
1105 2546 1154 2601 27.

10 2632 12 2687 ἶ
60 2635 183 2697 Postbao
200 2638 323 2696 eiusdem
342 2639 416 2697 modi
434 2640 544 2718 plurimi
562 2649 679 2719 propter
695 2640 837 2717 utriusque
857 2638 980 2698 Caesaris
1003 2656 1047 2695 res
1066 2646 1156 2713 gestas

10 2776 12 2783 ι
60 2730 212 2790 introducti
231 2742 296 2788 sunt
314 2732 343 2788 in
361 2732 456 2791 fastos.
494 2733 615 2812 Propter
630 2734 756 2792 nuntium
773 2733 809 2792 de
828 2732 943 2790 uictoria
961 2731 1086 2793 Caesaris
1107 2731 1157 2789 lli·
1245 2728 1248 2733 ’

60 2825 202 2904 spaniensi
221 2842 294 2881 anno
314 2825 352 2884 V.
371 2825 405 2882 C.
425 2828 482 2884 708
501 2838 646 2906 acceptum
663 2827 754 2884 Dione
772 2836 842 2885 teate
860 2827 908 2895 43,
926 2828 979 2885 42:
1004 2817 1045 2882 τοὶ
1063 2818 1157 2901 παρί-

56 2917 114 2977 iro
139 2910 330 2999 ἱπποδρομίᾳ
355 2909 523 3000 ἀθανάτῳ,
552 2913 619 2978 οὔτε
644 2939 677 2998 γε
701 2916 752 2978 καί
780 2913 833 2978 διὰ
849 2913 906 2997 τὴν
926 2912 1031 2993 πόλιν,
1051 2911 1100 2977 ὅτι
1124 2912 1156 2976 ἐν

43 3007 190 3095 Ιἐκείνοις
208 3006 354 3086 ἐκτίσθη,
375 3002 453 3068 ἀλλὰ
474 3007 526 3071 διὰ
546 3007 600 3089 τὴν
619 3015 675 3071 τοῦ
696 3011 855 3090 Καίσαρος
873 3009 974 3089 νίκην,
994 3005 1042 3071 ὅτι
1061 3003 1081 3089 ἧ
1099 3005 1159 3090 (ἐγ,-

59 3101 146 3185 patu
166 3096 265 3181 αὐτῆς
283 3105 321 3182 τῇ
342 3101 507 3189 προτεραίᾳ
527 3101 604 3185 πρὸς
623 3098 753 3183 ἑσπέραν
773 3100 915 3184 ἀφίκετο,
935 3098 1081 3183 ἐτιμήθη.
1119 3106 1158 3164 Hi

58 3201 147 3276 igitur
164 3197 223 3258 lodi
241 3199 306 3256 atati
319 3206 347 3254 et
360 3216 498 3278 perennes
516 3220 576 3260 esse
595 3201 741 3262 debebant
781 3201 878 3260 Fuisse
896 3203 978 3261 etiam
995 3201 1067 3276 illos,
1086 3219 1158 3279 qnos

61 3294 171 3351 Caesar
194 3301 258 3351 ante
282 3309 404 3369 pugnam
420 3291 606 3352 Pharsalicam
624 3296 727 3353 Veneri
746 3295 856 3353 Vicuici
882 3304 1014 3368 uouerat,
1039 3313 1073 3353 ac
1096 3294 1158 3372 pri-

59 3404 144 3445 rnunr
163 3394 256 3463 egerat
274 3402 349 3442 anno
367 3387 444 3460 708,
471 3385 527 3447 uid.
545 3387 628 3445 Dion.
646 3389 696 3462 43,
712 3393 768 3462 22,
793 3387 858 3446 inde
878 3390 1064 3466 cognoscitur,
1092 3388 1160 3467 quia

59 3496 140 3536 anno
159 3481 216 3536 720
239 3488 372 3536 narrante
389 3477 481 3536 Dione
499 3478 548 3553 49,
565 3483 619 3537 42ε
646 3474 701 3556 τὴν
712 3473 890 3558 ,πανήγυριν
914 3475 970 3558 τὴν
989 3481 1028 3560 τῇ
1041 3473 1159 3560 Ἀφρο·

60 3566 137 3649 disp
157 3572 195 3650 τῇ
213 3566 370 3651 Γενεθλίῳ
389 3565 571 3648 τελουμένην
591 3566 627 3631 οἶ
645 3565 788 3632 ὕπατον
807 3569 962 3651 ἐποίησαν.
1000 3577 1059 3637 Hoa
1079 3573 1158 3635 ludos

59 3665 131 3723 olim
151 3684 168 3722 a
186 3666 303 3742 collegio
320 3675 431 3724 curatos
449 3665 533 3724 luisse
553 3667 636 3725 tradit
650 3667 704 3726 Dio
716 3667 765 3747 45,
775 3670 794 3727 6
806 3668 883 3740 (coll.
892 3668 964 3729 Plio.
974 3669 1011 3729 N.
1023 3669 1060 3728 H.
1070 3675 1098 3743 2,
1105 3668 1158 3741 25)

60 3767 94 3816 et
111 3776 131 3814 a
150 3757 222 3816 ludis
239 3759 370 3818 uictoriae
384 3760 521 3834 Caesaris,
536 3765 611 3838 ‘quos
625 3780 720 3820 mense
732 3762 800 3819 lulio
815 3762 929 3840 posthac
948 3762 1035 3822 iactos
1053 3774 1082 3820 et
1100 3763 1159 3840 ipse

62 3849 170 3908 indicat
188 3869 213 3910 o.
227 3854 263 3923 7,
288 3861 318 3911 et
334 3853 468 3911 fastorum
486 3855 596 3911 tabulae
621 3864 676 3912 tres
701 3853 776 3931 apud
792 3855 911 3931 Foggin.
931 3875 960 3933 p.
971 3861 1026 3914 lll
1047 3857 1158 3938 dorent,

61 3942 225 4001 discernere
243 3945 362 4006 uidetur.
400 3948 485 4025 Atqui
503 3947 625 4006 diuersos
645 3967 700 4007 non
719 3946 803 4007 luisse
822 3945 904 4008 docet
916 3950 997 4031 Suet·
1010 3947 1094 4009 Caes.
1108 3953 1158 4025 88,

65 4035 134 4095 Oct.
149 4039 199 4098 10.
239 4036 313 4097 Olim
331 4041 415 4117 igitur
433 4042 585 4100 celebratos
604 4050 673 4119 puto
691 4040 757 4099 iude
774 4059 792 4098 a
809 4041 849 4099 lX
867 4042 914 4101 Kl’
934 4042 1069 4120 Sadtiles,
1086 4061 1159 4107 anno

65 4129 106 4192 V.
130 4128 165 4189 C.
184 4133 244 4188 710
261 4134 366 4210 aliquot
384 4134 455 4210 dies,
482 4146 513 4194 at
528 4137 646 4197 artuum
664 4134 734 4197 illud
753 4154 857 4203 nemeti
877 4138 1006 4207 additum
1025 4143 1062 4219 ab
1081 4138 1177 4204 (baib-
