2550 4574
457 246 606 290 TABVLAE
629 246 721 290 ΜΛΝ.

10 412 43 459 >nu
77 397 182 455 nennium
195 393 266 466 dies,
284 394 461 456 mendacium
480 406 524 456 est
538 396 639 474 Pyrrhi
654 397 773 474 Ligarii,
791 396 909 473 spectati
926 397 954 454 in
973 397 1028 455 hoc
1046 396 1150 474 genere
1204 440 1205 447 1

10 497 43 572 qul
76 490 207 548 nebulonis:
227 487 342 545 si'sorte
360 490 501 566 pertineat
519 491 556 548 ad
576 491 687 559 titulum
705 490 784 550 fastis
802 490 1018 567 superpositum,
1037 489 1074 549 de
1091 508 1149 568 qno

28 590 42 646 tt
74 581 274 660 supradiximus,
293 581 380 640 nihilo
394 584 556 642 clementius
572 583 609 642 de
620 583 735 660 Ligario
747 584 951 661 suspicabimur
964 592 994 642 et
1006 583 1148 662 aliquanto

10 680 40 758 Sp
75 675 133 749 peine
144 673 177 732 de
195 682 312 733 auctore
330 675 477 734 Vaticano.
519 677 572 734 Hic
589 675 673 737 horno
692 678 716 735 si
735 675 862 735 fraudem
882 695 938 734 non
957 676 1076 746 admisit,
1094 693 1148 735 nee

76 766 201 843 ignorauit,
217 767 256 826 de
274 786 331 846 qna
350 787 382 827 re
400 770 580 847 loqueretur,
601 779 677 829 certe
695 771 865 849 perobscura
883 777 913 828 et
933 769 1051 827 barbare
1069 770 1146 839 locui

10 865 37 940 ,lg
76 868 104 917 tu
116 868 159 930 est,
176 868 207 918 et
224 861 302 938 quod
320 863 434 921 lacunas
453 865 600 921 restituere
613 864 703 922 'ausus
722 873 775 938 est,
795 873 901 922 tenuem
918 861 996 920 iecit.
1028 863 1146 932 Quassi

10 976 35 1014 on
74 959 137 1010 lunen
150 954 420 1030 pictura‘indicauit,
438 958 560 1014 omnium
575 956 806 1035 negligentissime
816 954 968 1032 Fogglnius
984 956 1050 1032 egit,
1069 953 1146 1032 apud

10 1049 31 1117 el
73 1062 128 1122 quent
145 1049 244 1104 mensis
259 1049 359 1125 Aprilis
377 1057 497 1126 tantum,
516 1049 594 1124 Mani,
613 1051 781 1110 Nouembris
798 1046 913 1123 singulis
927 1047 1075 1124 eteliquot
1086 1047 1145 1105 Da·

10 1141 31 1197 h
72 1140 158 1198 nubtis
176 1139 274 1198 diehm
299 1141 405 1219 aliquot
429 1143 538 1201 litterae
556 1142 676 1220 desunt,
703 1142 862 1222 turpissime
882 1157 1013 1217 quaeque
1030 1140 1145 1219 supple·
1247 1207 1262 1238 Ι,

10 1253 24 1290 n
69 1241 136 1290 nocta
154 1251 206 1310 pro
226 1235 346 1310 genuina
372 1236 509 1312 scriptura
534 1235 691 1296 traduntur.
735 1238 795 1295 Fac
821 1233 905 1311 igitur
922 1231 1011 1309 Pighii
1028 1233 1147 1292 schedas

10 1346 23 1386 ι
68 1341 107 1382 non
125 1326 236 1385 adesse:
264 1327 537 1404 deprehenderentur
565 1332 603 1388 ab
632 1331 691 1390 aliie
719 1329 856 1408 quaedam
885 1327 993 1399 numni,
1021 1327 1056 1382 ab
1084 1326 1146 1385 aliie
1170 1327 1177 1338 ‘
1208 1386 1212 1393 ,

10 1444 18 1494 ι,
67 1417 145 1476 omitti:
163 1420 381 1480 existimaremus
400 1424 450 1500 qui
467 1423 549 1501 plura
569 1423 685 1499 hahent,
708 1442 742 1483 ex
761 1419 926 1502 apographa
944 1437 979 1478 ea
997 1418 1145 1494 sumpshne

10 1538 17 1592 3
66 1512 205 1584 miore,
231 1511 308 1571 fecto
327 1533 390 1572 cum
412 1516 486 1594 lepis
503 1518 612 1594 integer
637 1524 727 1590 esset,
754 1513 831 1594 quod
850 1517 910 1573 sine
928 1512 1034 1570 fraudis
1052 1511 1145 1588 suspi-
1254 1590 1258 1597 ι

10 1646 18 1659 .
67 1603 164 1663 donein
184 1605 541 1683 fragmenrtsnmiternints
561 1611 678 1685 accidit,
706 1608 764 1668 uid.
783 1607 903 1685 Fuggin.
922 1610 952 1685 p'.
966 1610 1030 1664 100.
1069 1605 1146 1663 Eece

10 1729 20 1768 ι
68 1713 118 1755 nan
137 1703 254 1776 exsurgit
280 1701 358 1759 testis
382 1703 586 1781 antiquissimus
605 1702 749 1762 Vinandus
768 1700 899 1779 Pighius,
925 1708 992 1759 anta
1017 1714 1101 1776 quem
1125 1713 1147 1755 a

10 1840 20 1850 .
64 1809 179 1870 quoquam
197 1795 289 1871 ipsum
309 1794 429 1873 lapidem
456 1796 607 1854 litteratum
625 1797 780 1875 inspectum
808 1812 869 1853 esse
893 1795 1006 1853 minima
1024 1797 1145 1849 musteis
1179 1860 1184 1865 ⁵

63 1884 145 1963 hqnid
158 1887 288 1961 extiterit,
303 1888 373 1964 'quid
386 1887 544 1966 diffractum
558 1891 682 1967 perierit,
701 1908 758 1948 non
778 1889 879 1962 obiter,
899 1888 977 1946 uelut
993 1886 1041 1942 ttto
1058 1883 1144 1941 hom
1226 1918 1232 1931 ·
1260 1970 1263 1975 .

62 1976 197 2055 lnheanus,
214 1979 264 2038 sed
285 1981 321 2038 ad
337 1983 411 2059 ipsos
431 1983 525 2066 apices
543 1994 573 2041 et
591 1984 746 2041 litterarum
763 1982 915 2060 particulas
933 1984 1146 2050 commonstrat,
1238 2014 1245 2030 .

61 2180 102 2237 nnn
116 2168 195 2224 semel
214 2167 317 2226 indicat
334 2169 363 2226 in
382 2171 599 2245 commentario,
618 2189 702 2248 quem
721 2168 856 2228 adiunxit.
894 2168 975 2226 Heee
992 2181 1067 2223 nunc
1084 2146 1165 2233 1ῑ11·,Ι
1218 2142 1221 2148 ¹

63 2253 150 2331 gilotim
166 2261 419 2337 pertractabantur.

10 2554 19 2565 ¹·
64 2535 145 2612 Ailou,
166 2538 341 2615 hlorcellius,
368 2543 525 2619 Gruterus3
553 2543 621 2603 Kal.
646 2544 728 2622 Sept.
754 2552 785 2602 et
799 2543 878 2602 Dec.
905 2559 1000 2599 omnes
1025 2548 1142 2619 praeter.

62 2626 203 2708 Graeuium3
230 2633 298 2692 Kal.
318 2635 458 2695 Nouemh.
478 2655 585 2695 omnes.
626 2638 688 2694 Hoc
714 2636 777 2695 ideo
803 2638 909 2694 libitum
929 2652 990 2692 esse
1015 2632 1145 2706 uidetur,

60 2725 105 2798 quia
122 2726 287 2804 pleraeque,
315 2745 389 2803 quae
407 2739 504 2787 extant
527 2732 555 2787 in
574 2747 712 2787 marmure
731 2727 823 2804 Mate,
849 2725 996 2786 Kalendae
1015 2724 1141 2782 nefastae

10 2847 21 2886 ὅ
59 2828 111 2883 nunt.
146 2820 252 2878 Videor
269 2821 335 2877 mihi
353 2821 507 2900 intelligere
526 2823 610 2900 longe
630 2825 711 2881 aliter
728 2823 802 2880 hanc
820 2839 880 2879 rem
898 2819 1021 2879 futuram
1041 2818 1138 2892 fuisse,

10 2943 20 2978 a.
57 2909 242 2990 cireliquorum
259 2911 395 2971 fastorum
412 2935 486 2992 quac
499 2915 585 2989 hodie
596 2915 729 2974 habemus
747 2914 916 2991 fragmenta,
936 2930 1065 2990 quaeque
1078 2910 1139 2968 Ka·

10 3032 19 3071 n
56 3001 132 3064 imulas
157 3007 315 3088 continent,
343 3026 399 3065 non
425 3009 538 3064 inuenta
564 3009 675 3066 demum
701 3008 818 3066 fuissent
842 3007 955 3064 saeculo
981 3005 1091 3062 decima
1110 3009 1140 3060 et

11 3111 13 3121 ¹
55 3106 150 3174 amno,
174 3099 355 3158 Praenestina
382 3103 474 3170 1774,
502 3101 673 3160 Amiternina
701 3104 797 3174 17⁰3,
826 3099 965 3156 Antiatina
985 3099 1078 3153 1713:
1102 3093 1138 3168 si,

10 3227 13 3239 ·
54 3209 109 3266 quae
125 3201 193 3250 nota
211 3191 342 3268 fuerunt,
369 3193 526 3270 fragmenta
547 3197 766 3272 Capranicorum
790 3192 856 3268 ipsis
874 3189 1009 3249 Kalendis
1029 3188 1143 3265 integra·

53 3296 142 3360 meat,
168 3305 221 3343 nec
246 3287 334 3363 ipsam
361 3298 456 3345 notam
476 3289 610 3346 eiusmodi
635 3290 810 3346 omitterent:
837 3285 861 3342 ei
887 3285 915 3341 in
936 3283 1078 3343 Venusino
1097 3280 1139 3338 uti

49 3380 186 3454 potuissent
206 3379 352 3438 Muratorii
378 3383 561 3455 auctoritate,
591 3382 639 3456 qui
663 3381 728 3438 Kal.
747 3380 814 3436 nnat.
835 3377 921 3436 saetas
947 3377 1048 3450 tradit,
1073 3390 1137 3431 cum

46 3471 189 3530 ldazochins
216 3480 246 3530 et
273 3483 339 3531 ante
365 3491 430 3531 eum
455 3475 503 3551 qui
529 3474 688 3550 fragmenta
707 3473 848 3530 Venusina
868 3470 1037 3549 publicauit,
1060 3465 1137 3544 quod

44 3566 156 3644 ignotum
176 3585 238 3624 esse
257 3584 332 3639 reor,
351 3566 437 3625 Aldus
457 3577 533 3625 torno
549 3569 586 3626 lll
607 3566 700 3624 Ouidii
717 3568 791 3623 1516
809 3567 908 3623 iterum
928 3582 946 3620 a
965 3581 995 3619 se
1013 3561 1079 3618 editi
1097 3561 1136 3618 ita

42 3656 167 3718 haheantr
187 3660 257 3718 ΑΚ.
278 3663 353 3719 Mai.
372 3659 430 3719 lond.
451 3660 506 3720 lor.
525 3660 549 3734 f.
584 3656 662 3732 Non,
680 3659 802 3735 inquam,
821 3658 935 3715 dubium
955 3655 1092 3730 esconio
1111 3653 1134 3711 si

40 3752 244 3830 interpolatores
262 3755 301 3811 illi
325 3773 399 3813 saec.
419 3755 495 3814 XVl.
516 3752 762 3833 deprehendissent
786 3753 815 3808 in
840 3750 951 3828 reliquis
975 3746 1053 3805 fastis
1071 3745 1135 3803 Ka-

39 3845 127 3905 lendas
141 3865 202 3920 eas,
215 3865 288 3922 quae
305 3848 405 3905 absunt
420 3865 438 3905 a
451 3847 607 3917 Mafleanis,
620 3845 720 3922 signari
735 3844 891 3920 plerasque,
910 3842 965 3901 hoe
981 3850 1023 3899 est
1039 3857 1135 3901 omnes

38 3951 143 4017 praeter
164 3942 235 4015 Aug,
255 3946 284 3996 el
302 3941 387 4014 Dect,
406 3939 508 4016 fastos,
528 3940 556 3998 id
575 3940 679 3997 sinerint
696 3937 837 3996 imitaturi.
876 3935 977 4012 Neque
996 3936 1067 3992 enirn
1088 3950 1133 3991 ra·

37 4034 133 4093 nonem
153 4040 267 4091 secutos
287 4042 356 4112 puto
374 4034 405 4094 in
422 4052 472 4103 eo,
496 4033 571 4111 quod
592 4033 644 4111 ipsi
662 4032 805 4105 fecerunt,
824 4030 1011 4107 neque'istius
1030 4029 1071 4085 rei
1088 4044 1133 4083 ra·

35 4131 136 4190 tionem
156 4137 334 4186 assecutums
352 4127 447 4188 fuisse.
487 4127 598 4186 Scilicet
622 4127 646 4186 si
671 4142 757 4203 rupte
780 4124 817 4183 de
844 4123 939 4183 diebus
958 4121 1065 4180 senatui
1083 4118 1133 4176 ha·
