2550 4574
136 260 263 310 CXXVII!
515 257 560 304 na
581 256 720 305 tantave
743 257 853 331 fldem

134 412 215 494 peius
240 409 350 471 uidetur
373 427 435 471 esse
458 412 611 490 prouisum.
656 411 770 471 Verrius
796 411 826 471 iu
849 410 947 471 nbula
963 409 1086 471 secunde
1103 409 1236 472 Praene-

134 508 222 567 stinae
241 494 1235 585 1VNON1.LVClNAE.EXQVlL118.QVOD.EO.DlE.AEDlS.

134 596 1236 667 Ek....TA.EST.PER.MATRONAS.QVAM.VOVERAT.-A1.Bl

136 689 1236 777 ·......700.7Χο0.81.Ρ7Ε37Μ....302331.οΜρ.147,3

26 780 29 785 ¹
134 788 176 848 ld.
208 786 313 846 Plinius
335 795 429 845 antem
447 805 476 844 n.
494 784 524 844 lt.
544 789 593 861 16,
612 785 659 856 44,
680 789 708 859 §.
723 785 796 843 2452
826 790 935 845 Muros
957 785 1030 845 lotos
1052 787 1084 844 te
1106 788 1238 845 Mace

134 872 203 941 aroc
220 898 295 941 canc
314 872 436 959 qni'fcit
452 881 512 937 doc
528 877 737 954 moplstrctibns
757 879 932 939 GGGLXIX
948 877 1016 937 uodo
1032 876 1153 937 condito.
1191 879 1237 938 lta

133 973 212 1033 librir
230 972 389 1033 addendum
409 991 471 1033 esse
489 971 652 1031 decennium
670 973 777 1051 primns
795 970 863 1030 uidit
873 971 1023 1049 Foggluins
1041 990 1072 1049 p.
1084 976 1134 1031 22.
1160 970 1236 1031 Pro-

133 1066 228 1127 babile
244 1074 288 1135 est
305 1067 376 1127 llaec
389 1086 454 1127 cum
468 1064 614 1127 Ouidiauis
632 1075 689 1124 tam
702 1082 826 1142 congrue
844 1065 1002 1123 averroue
1020 1064 1148 1142 proiecta
1162 1083 1236 1136 ene,

135 1161 178 1220 uti
197 1169 228 1221 et
248 1160 306 1235 illu,
325 1178 400 1240 quae
417 1159 494 1240 apud
512 1159 633 1219 Plinium
648 1160 774 1238 proxima
790 1167 960 1237 sequuntur,
980 1157 1237 1219 mulereudccum

131 1252 193 1315 On.
213 1260 243 1328 2,
259 1255 438 1315 lto-45².
476 1252 598 1318 Versum
622 1259 653 1330 3,
671 1253 729 1314 203
752 1251 790 1313 ed
813 1252 895 1313 eliam
912 1251 1011 1313 eedem
1027 1261 1157 1331 spectu
1173 1271 1236 1314 uon

134 1348 272 1427 estquod
291 1368 428 1410 moneam.

212 1442 353 1522 Templi
371 1441 545 1505 Vediouis
562 1442 651 1501 Nouis
664 1441 770 1501 Martiis
789 1440 909 1501 dedicati
926 1439 1019 1501 locum
1037 1451 1166 1504 cccmus
1179 1441 1235 1504 de-

134 1536 226 1596 liuiuit
244 1534 371 1598 Ouidius.
409 1536 454 1595 lla
477 1536 532 1597 loci
549 1545 617 1597 uota
642 1537 726 1595 fflam
744 1544 892 1615 postquam
910 1537 1032 1614 ignorari
1048 1538 1234 1617 cucpltnlte-

135 1650 200 1691 rum
217 1629 348 1690 Vediouis
366 1631 502 1709 templum
521 1630 550 1689 iu
568 1629 658 1689 insula
675 1647 747 1706 esre,
766 1631 980 1709 ascriptoribus
997 1629 1064 1690 addi
1079 1630 1163 1706 solet,
1181 1629 1235 1691 sed

136 1723 248 1784 diuerw
267 1722 361 1785 modo.
399 1729 477 1786 Ister
495 1723 566 1784 door
583 1721 660 1783 lucos
677 1723 816 1785 locutione
833 1725 917 1783 etiam
935 1724 1079 1784 Vrtrcuinr
1094 1727 1160 1801 4,7
1177 1726 1234 1784 uti·

134 1827 199 1890 tur,
225 1834 344 1895 musque
361 1818 522 1877 tralaticium
540 1817 625 1876 fuiss
641 1817 788 1893 Dionysius
806 1818 889 1892 2,15
906 1817 1086 1876 demonstrat.
1123 1818 1234 1877 Gellium

133 1911 219 1988 6,12
235 1911 325 1970 obiter
344 1909 509 1971 dixit-tour
532 1929 624 1971 crustu
646 1919 675 1970 tt
700 1911 877 1990 cupam
923 1911 1013 1971 Varro
1036 1911 1068 1969 iu
1091 1908 1235 1988 lrngrml

134 2005 341 2085 supraposito,
361 2020 481 2082 quocum
500 2003 551 2063 cfr.
570 2003 627 2066 Ou.
643 2010 673 2081 3,
685 2008 754 2081 443,
772 2009 804 2065 lc
820 2004 957 2084 &pindo
975 2004 1144 2083 simpliciter.
1174 2003 1234 2063 Pli-

136 2099 198 2160 uiue
218 2108 276 2157 nat.
289 2098 353 2157 hist.
370 2103 418 2175 16,
430 2100 480 2175 40,
500 2099 601 2182 §2152
624 2101 725 2158 Natus
739 2100 919 2159 emmenum
940 2098 1070 2160 Vedionis
1087 2099 1117 2157 ic
1135 2115 1235 2159 moes

136 2211 267 2271 mprcsar
280 2190 365 2252 dcccci
379 2212 399 2253 c
413 2191 611 2267 cundilcl'rde
622 2194 765 2255 DGLImo
777 2212 852 2254 cuso
868 2194 999 2253 dicum
1028 2194 1081 2251 liic
1099 2211 1169 2253 uero
1187 2210 1233 2253 re·

137 2286 273 2345 conditius
291 2286 359 2365 quid
376 2286 474 2362 latere,
493 2305 585 2366 neque
604 2288 753 2366 quicquam
771 2288 868 2366 profici
887 2289 986 2367 opinor
998 2288 1126 2365 Foggiuii
1143 2288 1234 2364 expli·

136 2381 246 2441 cutione
264 2399 295 2458 p.
306 2382 357 2454 27,
374 2388 424 2438 aut
440 2380 547 2440 Sachsii
567 2387 596 2456 1,
615 2400 645 2459 p.
656 2383 724 2442 438.
759 2381 880 2443 Verrius
903 2381 977 2442 culm
1001 2380 1030 2438 iu
1048 2380 1128 2440 aare
1145 2380 1234 2442 Prae·

135 2471 248 2533 uestiuis
266 2473 305 2532 ite
324 2472 451 2552 reliquitc
479 2473 1234 2541 VsleVLdRClS.VED10VlS.lNTER.DVOS.

134 2565 274 2652 LVCOS.
313 2567 375 2625 lloc
391 2568 421 2624 sl·
440 2569 614 2644 componitur
637 2588 702 2627 cum
721 2568 816 2628 Ouidii
834 2569 925 2627 uerbis
931 2612 942 2644 ,
967 2569 1067 2646 quibus
1087 2588 1161 2629 ucrs.
1173 2572 1232 2628 431

135 2679 220 2740 quem
238 2660 330 2719 locum
348 2660 444 2720 Liuius
464 2665 492 2734 l,
511 2664 530 2718 8
549 2670 578 2720 et
595 2661 650 2720 Dio
668 2665 718 2737 47,
738 2664 775 2719 19
793 2673 892 2739 postea
910 2671 1038 2739 saeptum
1057 2662 1104 2721 uel
1122 2664 1232 2739 obscur

135 2763 211 2813 ctum
231 2754 361 2813 uidentur
381 2752 537 2836 credidisse,
556 2755 610 2813 iam
630 2764 696 2813 tuuc
710 2772 728 2813 a
742 2755 862 2815 Romulo
874 2755 1010 2813 munitum
1028 2773 1112 2816 saxeo
1130 2774 1233 2835 aggere

132 2849 253 2927 'scripda
272 2847 403 2907 credibile
415 2857 458 2906 est
472 2850 547 2907 crois
563 2848 693 2908 Vediovis
704 2849 920 2927 appellationem
934 2849 998 2906 olim
1017 2848 1045 2907 iu
1066 2868 1118 2908 usu
1135 2849 1231 2909 druse.

134 2941 202 3002 Nou
221 2942 370 3020 explicarit
387 2941 460 3000 lrauc
478 2959 537 3000 reru
556 2942 670 3002 Buuseu
689 2940 865 3004 descavrb.
882 2946 957 3017 a,1,
975 2961 1005 3020 p.
1016 2948 1052 3001 11
1064 2960 1127 3020 sqq.
1159 2942 1233 3001 Cae·

134 3043 226 3096 terum
243 3037 384 3115 sapienter
396 3034 515 3095 Ouidius
531 3036 619 3111 cauit,
638 3054 674 3094 ue
692 3036 794 3114 apertis
811 3036 916 3112 uerbis,
936 3036 977 3093 uti
988 3035 1136 3112 Dionysius
1152 3035 1232 3113 lecit,

54 3170 57 3179 ·
135 3132 233 3208 templi
250 3130 325 3190 iilam
344 3129 543 3190 dedicationem
561 3128 636 3187 Nou.
654 3127 738 3187 Mart.
759 3129 795 3187 ad
814 3129 964 3188 Romulum
983 3127 1110 3189 referret
1148 3132 1233 3190 Aram

136 3239 156 3281 a
174 3224 259 3281 Tatio
278 3234 466 3285 consecratam
484 3222 575 3282 Varro
593 3220 631 3281 de
649 3221 703 3281 ll.
722 3223 753 3297 5,
767 3222 807 3280 74
825 3240 842 3280 a
860 3222 997 3280 Muellero
1014 3231 1155 3283 correctns
1174 3232 1234 3284 tra-

136 3312 186 3374 dit.
225 3314 376 3393 Templum
395 3336 451 3394 quo
476 3333 550 3374 auno
570 3321 739 3392 postremum
758 3310 880 3373 dicatum
904 3316 957 3391 sit,
979 3316 1153 3393 ignoramus,
1176 3318 1234 3378 uisi

135 3406 210 3469 lorta
228 3408 305 3486 epud
316 3408 435 3466 Plinium
446 3407 525 3467 DLX
543 3406 691 3486 legendum
708 3408 756 3483 sit,
774 3417 804 3468 et
817 3409 913 3468 Liuius
931 3407 1008 3488 quod
1026 3411 1072 3469 alii
1090 3411 1231 3471 annalium

135 3509 264 3560 auctores
283 3519 300 3559 a
318 3502 353 3560 L.
367 3501 452 3560 Furio
467 3501 651 3580 Purpureoue
669 3501 802 3579 templum
821 3501 953 3561 Vediouis
971 3503 999 3561 iu
1018 3502 1120 3578 insula,
1137 3502 1184 3562 alii
1200 3502 1233 3561 iu

103 3620 109 3634 .
136 3610 202 3653 arce
220 3594 324 3652 factum
342 3593 526 3671 tradiderint,
545 3596 606 3654 illos
624 3595 687 3654 loco
704 3613 790 3673 supra
807 3595 944 3668 iudicato,
962 3596 1082 3672 hosii,
1092 3599 1130 3654 41
1148 3613 1234 3656 secu-

136 3694 182 3745 tus
200 3688 295 3746 luerit.

211 3780 257 3840 De
275 3780 364 3843 aede
380 3782 461 3841 Diui
480 3779 569 3839 lulii
593 3799 678 3859 quam
696 3782 814 3844 Ouidius
834 3789 863 3858 3,
875 3783 935 3843 704
951 3791 1160 3858 commemorat,
1179 3800 1235 3845 ua-

134 3874 184 3933 lim
208 3874 277 3933 adiri
301 3875 491 3955 topographus
508 3873 663 3937 Nardluum
681 3884 712 3952 2,
729 3897 760 3956 p.
771 3881 829 3938 169
847 3877 893 3938 ed.
913 3888 1016 3955 quart,
1035 3876 1177 3955 Nrbluyum
1195 3874 1235 3935 de

135 3965 198 4025 loro
217 3985 247 4043 p.
260 3969 310 4042 92,
329 3969 472 4029 Saclrsium
486 3975 515 4043 1,
533 3987 563 4046 p.
574 3973 643 4043 623,
663 3968 799 4030 Cauiuam
816 3971 853 4032 de
869 3971 933 4030 loro
946 3990 976 4048 p.
988 3973 1133 4047 102,1ot,
1153 3970 1235 4028 Buu·

135 4077 195 4119 seu.
214 4061 306 4119 auual.
326 4064 357 4136 8,
375 4081 404 4140 p.
415 4066 484 4137 277,
494 4063 562 4138 258,
581 4063 789 4122 Ambrosclrium
807 4065 838 4122 in
860 4064 958 4123 studiis
975 4073 1030 4124 etc.
1067 4062 1235 4123 Dedicatum

136 4168 197 4213 csse
214 4153 268 4214 XV
278 4153 326 4213 Kl'
339 4154 421 4235 Sept.
438 4157 565 4217 nouimus
584 4174 620 4217 ex
636 4155 715 4217 fastis
734 4157 885 4217 Antiadala
924 4156 1002 4220 Ninit
1019 4166 1167 4238 praeterea
1181 4157 1236 4217 la·
