2550 4574
141 272 240 319 belV
522 272 565 317 nn
586 266 725 319 subleva
746 268 874 322 saonis*

138 422 230 487 Rulus
247 422 376 503 amptius
392 439 496 484 sottum
511 424 620 497 Quirini
635 426 665 484 in
682 426 811 506 septima,
829 414 959 506 umplona
975 427 1085 501 estuat
1107 426 1135 487 in
1154 437 1235 489 sexta

139 520 252 598 reglum
270 527 394 595 ponunts
419 520 483 596 quia
506 518 679 597 exploratum
702 519 806 579 babent
823 522 919 599 templi
937 522 1098 600 antiquioris
1117 524 1235 600 uestigia

138 610 307 691 superfuisse
331 612 442 697 maculo
464 610 530 669 xv]
555 616 646 691 prope
669 613 812 672 eeclesiam
834 614 864 673 di
887 618 932 674 Sl.
949 614 1067 677 nureo
1089 618 1121 673 ia
1142 624 1235 675 monte

141 704 269 773 Couullo,
289 703 364 761 unde
381 704 482 781 gradus
501 707 646 765 marmorei
664 708 790 766 translati
806 710 863 781 sint
880 709 907 767 iu
923 712 1021 767 Assem
1034 710 1234 788 Capitolinam,
1258 772 1261 776 ,

136 797 226 857 Nard.
245 802 276 872 2,
294 815 324 874 p.
339 798 387 854 75.
425 797 482 856 Eos
500 798 602 877 gradm
620 798 750 859 Sacbsios
764 807 793 876 1,
811 822 841 881 p.
852 805 911 859 410
930 800 1038 861 uidetur
1056 800 1120 861 olim
1139 820 1159 861 a
1178 804 1234 861 Pa·

137 891 208 970 pirio
226 889 315 949 laotos
334 899 435 968 putare
452 900 481 949 et
500 911 529 969 p.
542 891 599 951 174
618 894 672 950 uim
691 891 759 953 lauit
776 894 915 970 Varroni,
943 907 975 955 ut
991 896 1028 954 de
1045 894 1144 955 eadem
1161 894 1235 953 aede

135 984 212 1065 loqui
230 992 353 1061 cogatur.
384 984 523 1052 Quoniam
538 984 576 1043 de
592 985 680 1044 altero
698 989 803 1066 templo
821 989 849 1045 in
868 1006 928 1066 reg.
946 988 984 1047 vt
1002 998 1130 1047 constare
1143 990 1232 1045 uisum

136 1068 189 1155 est,
209 1097 311 1136 nonum
331 1094 390 1153 reg.
405 1077 456 1134 Vll
474 1078 504 1135 id
523 1084 632 1155 putant,
652 1080 728 1156 quod
746 1082 904 1139 aVitrunio
922 1083 982 1156 ⁷‚s
999 1080 1168 1139 etblsrtiale
1183 1084 1231 1154 to,

135 1170 238 1246 68,10
260 1187 315 1228 nou
341 1170 425 1247 longe
450 1172 546 1249 utique
568 1189 586 1230 a
605 1172 688 1231 Circo
706 1174 810 1233 Florae
834 1174 920 1233 fuisse
942 1173 1088 1233 iudieatur.
1127 1174 1232 1232 Verum

137 1265 234 1324 Victor
253 1271 282 1320 et
301 1261 393 1321 Rulus
415 1263 482 1321 nibil
506 1266 557 1321 nisi
576 1264 729 1325 Varronem
755 1278 784 1326 et
801 1269 920 1327 Dionem
944 1267 1162 1345 exmsipsernnt,
1181 1265 1233 1323 Vi·

135 1357 242 1417 uanius
261 1364 326 1433 post
343 1374 445 1415 annum
464 1357 501 1415 V.
513 1358 557 1419 ·C.
577 1361 636 1416 724
654 1379 710 1418 non
722 1364 847 1441 scripsi,
867 1359 923 1418 uid.
942 1359 1040 1419 Sueba.
1060 1364 1091 1428 =1,
1108 1378 1138 1436 p.
1154 1356 1231 1417 679:

134 1470 180 1512 res
197 1468 265 1526 ergo
284 1450 313 1506 in
333 1467 367 1507 eo
385 1452 477 1528 potius
497 1460 633 1526 uersetur,
653 1472 718 1511 uum
737 1454 804 1532 quid
823 1454 860 1514 de
875 1453 992 1531 Augusti
1009 1452 1113 1531 templo
1128 1469 1231 1528 snper·

134 1547 171 1606 sit
187 1546 217 1603 in
237 1544 351 1619 regiona
368 1552 455 1600 sesto.
493 1542 587 1620 Negat
604 1544 730 1622 Nibbyus
749 1554 798 1603 ant
816 1546 918 1622 gradus
937 1564 1058 1624 unquam
1076 1543 1146 1602 ullos
1162 1542 1232 1603 inde

134 1642 163 1700 iu
177 1637 342 1716 Capitolium
356 1632 473 1707 ablatos,
492 1646 541 1693 eut
564 1639 678 1716 uestigia
696 1639 836 1697 luculenta
854 1648 960 1713 extare,
978 1645 1074 1697 annot.
1088 1635 1125 1696 ud
1139 1636 1232 1695 Nard.

134 1740 163 1804 3,
181 1752 211 1812 p.
222 1734 273 1805 75,
289 1731 339 1786 77.
376 1728 466 1785 Multo
492 1729 577 1805 igitur
599 1732 662 1808 plus
680 1731 725 1791 ltin
743 1750 857 1810 qnoque
874 1732 1003 1810 praaldii
1028 1739 1071 1789 est
1088 1732 1118 1787 in
1136 1748 1232 1806 gram·

133 1828 245 1899 metica,
264 1838 346 1901 quam
364 1821 394 1878 in
413 1821 601 1900 topographis.
640 1825 778 1885 Videlicet
796 1844 861 1885 usus
879 1825 1011 1904 loquendi
1021 1823 1119 1882 Dinnis
1135 1834 1167 1881 at
1183 1841 1232 1881 sa-

131 1922 172 1981 tin
196 1918 329 1977 fastorum
352 1912 554 1972 lllaffeauornm
574 1916 703 1993 obstant,
730 1920 875 1995 quominus
898 1918 1032 1996 templum
1050 1915 1231 1994 Papirianum

132 2014 229 2075 eodem
249 2013 311 2070 loro
330 2009 366 2066 ab
383 2013 509 2083 Augusto
533 2009 714 2069 instauratum
733 2021 762 2069 et
788 2030 882 2071 mense
900 2013 979 2070 lunio
996 2008 1152 2068 dedicatum
1171 2011 1233 2068 exi·

131 2109 250 2167 stimem.
287 2103 342 2161 Dio
362 2101 500 2160 locutione
519 2095 554 2159 is
571 2103 681 2179 καινῆς
698 2106 737 2163 ita
756 2107 920 2183 plerumque
938 2103 1042 2177 utitur,
1064 2111 1095 2162 nt
1113 2112 1232 2161 sonna-

115 2201 202 2259 ·rium
222 2194 390 2257 restituendo
404 2204 525 2270 notetur,
546 2196 601 2255 uid.
614 2199 662 2266 4³,
673 2198 727 2273 503
747 2200 841 2273 4⁴,53
860 2200 910 2272 57,
920 2201 969 2275 10,
986 2214 1135 2274 nusquam,
1153 2196 1231 2275 quod

130 2292 312 2364 meminerim,
332 2300 363 2347 ut
381 2291 433 2347 iste
454 2290 514 2367 ipsa
534 2290 610 2347 notio
627 2290 701 2348 insit.
733 2292 809 2349 Fasti
823 2288 955 2349 bleffeani
971 2290 1076 2348 nullum
1094 2290 1230 2367 templum

131 2388 167 2444 ab
187 2385 311 2460 Augusto
336 2393 402 2440 ante
426 2400 528 2440 annum
555 2383 614 2440 757
640 2383 797 2443 dedicatum
822 2384 920 2442 litteris
942 2382 995 2441 NP
1013 2401 1069 2441 non
1094 2382 1229 2443 indicunt.

129 2476 252 2535 Notatur
270 2475 353 2552 igitur
371 2476 407 2532 ab
426 2473 528 2533 Ouidio
548 2486 577 2534 et
595 2476 674 2534 fastis
685 2477 834 2535 Venusinis
853 2475 991 2545 dedicatio
1003 2477 1084 2535 'aedis
1102 2476 1230 2554 Papiria·

130 2588 184 2630 nae
208 2587 280 2626 anno
304 2567 341 2625 V.
361 2568 394 2625 C.
414 2571 472 2625 709
498 2568 638 2644 refectae,
663 2570 788 2646 quaein
814 2587 877 2628 eum
904 2548 1042 2627 inuidebat
1065 2568 1157 2644 diem,
1179 2569 1229 2647 qui

134 2681 208 2723 anno
227 2662 370 2739 superiore
390 2680 407 2717 a
427 2661 461 2719 C.
482 2662 605 2720 Caesare
624 2664 710 2721 mensi
728 2663 807 2721 lunio
827 2663 950 2721 adientes
967 2659 1075 2736 fuerat,
1100 2661 1225 2720 blsorob.

130 2766 183 2817 sat.
203 2763 233 2830 1,
250 2756 299 2830 14,
317 2774 349 2832 p.
363 2754 431 2813 256.
470 2755 503 2812 ln
522 2756 554 2813 iis
572 2754 669 2813 diebus
688 2755 836 2814 adiectiriia
853 2775 916 2815 sum
944 2754 974 2813 id
991 2762 1117 2813 mentum
1141 2752 1228 2811 fuisse

130 2850 278 2909 Caesam
299 2858 414 2919 condet,
434 2866 471 2906 ne
489 2847 607 2906 ullarum
625 2848 757 2927 feriarum
774 2859 908 2909 masnata
925 2846 981 2907 diei
1000 2855 1067 2906 nota
1085 2854 1152 2905 tutte
1164 2844 1228 2903 Ka·

126 2943 224 3003 lendes
242 2943 380 3021 protimus
399 2951 564 3017 mutaretur,
583 2951 613 3001 et
630 2950 663 2999 nt
682 2960 777 2999 omnes
795 2944 834 3001 illi
853 2942 913 3001 dies
931 2941 996 3001 fasti
1014 2948 1116 3014 essem,
1135 2941 1227 3017 sitque

126 3039 270 3117 probabile
282 3037 392 3105 Quirini
409 3037 493 3095 ferias
511 3054 621 3114 semper
640 3045 717 3093 aetas
733 3036 771 3094 lll
787 3036 834 3094 Kl’
849 3037 915 3111 lul„
934 3052 969 3094 ex
982 3052 1039 3112 qno
1050 3033 1177 3109 Papirius
1190 3048 1226 3091 eo

128 3132 174 3191 die
190 3130 289 3190 aedem
308 3131 463 3207 dedicauit,
489 3131 662 3188 manilestnm
682 3138 726 3188 est
751 3132 866 3189 alteram
887 3138 977 3188 utram
995 3130 1085 3204 legem
1102 3125 1226 3201 migran-

126 3224 192 3283 dum
209 3225 306 3288 fuisse.
344 3224 436 3283 Credo
455 3225 552 3303 utique
571 3225 718 3283 translatas
736 3243 772 3283 ex
797 3224 889 3282 edirto
907 3220 1049 3302 pontificio
1069 3218 1169 3277 feriass
1196 3214 1227 3273 id

126 3326 219 3377 tamen
237 3316 370 3395 impedire
396 3336 452 3376 nou
476 3319 591 3396 potuit,'
609 3318 675 3395 qniu
693 3316 813 3376 Ouidius
831 3316 908 3376 aedis
925 3314 1091 3393 Papirianae
1108 3308 1226 3371 omra-

125 3412 229 3471 tionem
247 3411 389 3488 pristinam
409 3430 443 3470 ex
462 3412 606 3469 annalibus
626 3418 761 3470 enotares.
830 3444 846 3455 .,
1212 3454 1216 3461 .

202 3503 278 3561 Prid.
296 3502 363 3561 Kal.
383 3504 435 3562 lul.
455 3522 556 3563 censeo
576 3504 681 3563 Ouidio
699 3503 851 3563 notandum
874 3503 960 3562 lubre
984 3500 1022 3559 de
1039 3496 1111 3557 aede
1128 3496 1224 3553 lier-

125 3598 219 3657 eulis
238 3596 419 3654 Musarum
438 3614 456 3653 a
474 3597 575 3656 Fuluio
595 3597 738 3656 Nobiliore
755 3599 784 3655 in
803 3616 919 3657 sensura
938 3592 1073 3653 anni-'sid
1087 3589 1225 3658 deditum

124 3709 209 3770 qnam
227 3687 343 3770 posthae
360 3690 511 3747 restituisse
530 3690 630 3747 dcitur
646 3690 767 3749 Messius
784 3688 944 3768 Philippus,
963 3685 1081 3764 Augusti
1098 3684 1226 3756 nitrinus,

124 3784 205 3842 Suet.
226 3788 297 3860 Aug.
317 3785 400 3840 c.29.
439 3782 556 3841 Ouidius
581 3784 761 3861 antiquiorem
780 3783 855 3843 aedis
880 3789 1022 3841 auctorem
1046 3776 1163 3851 reticet,
1188 3774 1225 3833 de

125 3895 181 3954 quo
201 3876 363 3936 testimoniis
387 3884 512 3932 ueterum
539 3892 556 3932 a
576 3874 702 3935 Nardino
721 3879 842 3937 sollertis
861 3881 889 3945 3,
911 3895 939 3953 p.
949 3878 988 3933 27
1006 3871 1079 3931 adde
1095 3868 1223 3927 Manrnb.

121 3980 173 4027 sat.
196 3976 226 4044 l,
239 3975 285 4043 12,
304 3989 334 4047 p.
344 3970 417 4042 2443
437 3969 545 4026 seilicet
563 3968 695 4027 adulandi
715 3970 806 4028 studio
824 3970 953 4037 inlectus,
972 3965 1152 4044 quamobrem
1170 3978 1224 4019 nee

121 4060 158 4119 de
176 4063 247 4121 aede
271 4080 289 4119 a
306 4060 435 4139 Philippo
456 4061 510 4119 boo
529 4061 575 4119 die
588 4062 721 4121 -dedieara
740 4064 824 4122 fidem
843 4064 869 4120 ei
887 4060 1041 4119 habuerim.
1080 4055 1224 4113 Particum

118 4152 238 4235 Philippi
257 4164 348 4230 certe,
369 4172 452 4233 quam
472 4157 546 4215 olma
564 4155 843 4235 Herculistemplum
860 4153 947 4213 suase
965 4160 1084 4211 testetur
1102 4147 1222 4207 Martia
