2550 4574
439 263 483 313 li!
502 261 642 312 mim
663 259 774 311 8801118
1064 263 1156 313 CXXV

50 422 134 481 nium
154 419 193 480 sti
209 420 283 478 Aen.
297 421 347 493 12,
360 416 425 475 tae.
457 413 544 487 Quod
562 415 629 494 quia
647 412 684 472 ab
701 411 831 475 omnibus·
847 411 1028 494 topogrtplris
1043 413 1156 496 iuupee

49 516 183 574 babitum
203 511 295 586 uideo,
315 528 469 590 apponams
489 511 563 568 Huic
582 509 665 567 Fora
681 523 731 583 pst·
748 506 937 593 :laconiam
953 510 1067 584 muso
1084 509 1156 588 (leg.

50 607 200 684 flamineus
220 604 372 675 morem)
393 601 549 677 οοσσίῥοοή
570 601 654 672 solet,
681 601 726 659 otti
749 602 886 661 Lusum
910 600 1028 663 catulus
1048 605 1157 679 prinus

53 701 190 779 tenplum
211 702 243 758 ln
265 715 362 775 cnsnpo
379 699 491 757 Mustio
509 696 575 770 facit
592 703 647 755 etc.
685 691 812 772 Opinor,
831 694 947 755 Catulus
965 713 1064 756 censor
1080 714 1157 759 anno

55 797 134 869 689,
153 792 212 852 uid.
230 793 352 869 interpp.
371 789 408 847 ad
426 791 510 848 Dium
530 791 579 862 at,
597 791 627 850 8.
663 787 726 846 aba
750 785 888 865 quaedam
910 785 948 847 tle
972 787 1035 851 tom
1059 791 1156 870 templi¹

56 888 182 947 inuenies
204 885 277 964 apud
296 882 450 943 Nardinum
468 886 498 958 3,
517 901 547 959 p.
559 880 615 940 125
634 878 680 939 ed.
700 889 791 958 quart.

133 979 214 1038 xvll
232 979 279 1037 Kl’
299 969 383 1051 Febr.
413 976 526 1035 sedes
540 973 778 1047 Concordiae
791 971 918 1035 dedicata
934 983 979 1037 est
997 994 1060 1047 cum
1079 966 1156 1057 niun,

59 1083 91 1132 ut
108 1082 194 1152 puto,
211 1088 285 1130 anno
303 1072 363 1151 888
381 1067 454 1129 abi.
467 1068 553 1127 Furio
570 1067 699 1143 Camillo,
717 1067 774 1128 uid.
789 1067 853 1128 liu.
865 1070 897 1146 6,
907 1071 956 1127 42.
984 1068 1060 1129 Plut.
1072 1069 1156 1135 Came

57 1168 146 1241 ο42,
165 1175 226 1224 tum
244 1182 319 1223 anuo
336 1163 393 1221 766
411 1162 568 1236 οΤώοσίο,
587 1160 1018 1239 P.DolabellaC.S,ilauocos.,
1034 1164 1077 1229 uti
1091 1182 1164 1243 gre.
1243 1198 1249 1209 ·

62 1261 102 1319 uis
121 1260 201 1317 testis
219 1258 335 1317 Verrius
353 1255 513 1334 perscripsit
531 1256 559 1313 iu
577 1253 658 1314 iestis
674 1252 876 1326 Pneuomb,
893 1248 947 1317 ue'c
961 1254 1083 1319 sommus
1099 1257 1158 1323 ‹tu-

59 1353 197 1412 snntienta
210 1350 303 1409 Dione
316 1349 367 1425 66,
381 1346 431 1423 26,
451 1350 602 1428 quemqui
617 1349 779 1427 inspexerit,
796 1348 930 1427 intelliget
945 1349 975 1408 id
992 1348 1099 1411 famum
1110 1369 1157 1413 se·

60 1447 169 1524 gregori
186 1463 204 1505 a
220 1442 366 1503 consulatu
384 1443 511 1519 prosimu
524 1442 623 1521 Lepidi
638 1451 667 1502 et
681 1443 780 1502 Tauri.
818 1442 958 1513 Quoniam
976 1443 1014 1505 ds
1030 1455 1158 1525 temporo

60 1542 90 1599 iu
106 1538 234 1598 somno
252 1544 306 1613 est,
324 1533 474 1594 uidendum
493 1534 590 1595 estde
606 1536 681 1599 loco.
712 1535 795 1618 Hunc
811 1537 918 1615 antiqui
935 1545 965 1595 et
978 1539 1044 1597 noui
1061 1539 1158 1619 templi

63 1633 179 1693 euntem
201 1631 288 1689 fuisse
312 1637 343 1687 et
365 1645 411 1685 res
434 1628 496 1707 ipsa
513 1629 637 1706 flag'tat,
659 1636 689 1688 et
707 1629 794 1688 uerba
812 1628 909 1701 Ouidii
924 1633 1077 1709 mosmos·
1091 1635 1159 1693 Lc-

64 1729 134 1785 tisss
149 1724 260 1784 ustum
277 1722 379 1782 collata
397 1736 460 1779 cum
472 1719 640 1781 Plutarcbeis
659 1713 741 1800 lepis
759 1714 877 1801 staats
895 1714 1011 1801 ἀγορὰν
1029 1722 1081 1785 sui
1099 1720 1157 1805 τήν

63 1814 222 1895 ἐκκλησίαν
242 1809 413 1900 ἄσωστον..
432 1817 524 1894 Atque
542 1814 661 1875 Ouidius
679 1833 742 1875 mm
766 1815 853 1888 addat
866 1815 907 1876 ¹sle
924 1817 1028 1896 templo
1046 1819 1158 1895 lusos&

65 1911 207 1985 bonnae,
229 1908 284 1968 boc
309 1917 352 1967 est
374 1906 412 1968 de
429 1918 524 1967 monte
542 1909 717 1988 Capitolino,
740 1908 844 1985 efficit,
863 1918 897 1968 ut
912 1921 989 1970 recte
1007 1910 1043 1971 ed
1062 1923 1158 1991 partes

67 2004 157 2063 uncam
175 2000 321 2063 uideantur
338 2001 395 2060 loci
412 2001 480 2076 duo,
499 2001 570 2061 alter
587 2003 679 2063 Seruii
697 2001 735 2061 aa
751 2007 820 2061 Aen.
839 2007 871 2079 2,
890 2006 964 2064 1163
991 2005 1065 2064 oua
1085 2009 1158 2067 θοο-

69 2101 118 2156 etis
135 2095 247 2157 coalitu
262 2102 329 2155 uus
347 2102 412 2154 outo
429 2094 560 2172 ternplum
573 2095 700 2165 Saturni,
718 2092 791 2170 quod
809 2101 851 2153 est
868 2102 933 2154 uoto
948 2095 1051 2156 cliuum
1071 2099 1158 2178 Gopl-

68 2191 177 2250 loliatsttt
192 2193 277 2251 laetu
296 2188 463 2250 Concordiae
480 2187 610 2266 sumptam
626 2196 657 2247 et
665 2187 762 2247 Diouis
775 2188 864 2247 Cassii
878 2190 926 2260 68,
936 2194 989 2248 lle
1008 2179 1028 2266 ἡ
1046 2208 1157 2268 yepes..

67 2277 115 2342 nin
132 2279 261 2360 πλησίον
286 2283 343 2342 τοῦ
367 2272 537 2358 οἰκήματος
563 2280 612 2354 (b.
631 2299 658 2340 e.
676 2297 923 2360 prope-carcerem
940 2282 1157 2362 Mamertinum)

67 2372 156 2459 ἓντῷ
170 2366 337 2457 Ὁμονοεόῳ
356 2369 566 2454 ἀθροισθεῖσα
584 2383 638 2434 etc.
667 2375 709 2432 lta
728 2392 747 2432 a
762 2384 882 2453 quatuor
895 2377 1021 2454 partibus
1039 2378 1158 2440 circum·

66 2472 190 2549 scriptum
210 2472 345 2548 templum
364 2469 464 2543 facile,
488 2468 538 2526 sed
557 2467 654 2545 insigni
672 2466 802 2527 fortunae
819 2468 952 2528 beneficio
971 2471 1095 2548 agnitum
1113 2469 1158 2537 e'st

65 2565 99 2623 sb
115 2565 282 2642 antiquariis.
321 2564 402 2621 Λσοο
427 2562 527 2621 abhinc
552 2562 684 2638 uigesimo
707 2562 789 2620 tertio
813 2570 925 2640 reperta
951 2572 1017 2622 suut
1040 2568 1168 2646 uestigia

64 2659 156 2736 templi
173 2675 191 2716 e
208 2674 348 2717 mmmore
365 2655 485 2715 candido
503 2656 562 2729 (ita
581 2655 667 2713 refert
683 2654 781 2714 Saclrs
801 2660 831 2729 l,
849 2673 879 2734 p.
888 2657 964 2733 710,
987 2676 1157 2740 quamquam

60 2751 127 2809 nibil
143 2751 180 2810 de
198 2768 234 2810 ea
251 2770 284 2810 re
301 2753 329 2808 in
346 2746 478 2809 Kuoetbl.
494 2752 569 2807 1818
583 2754 646 2808 rub
664 2757 715 2807 aut
727 2747 803 2826 apud
816 2747 957 2824 Nibbyum
974 2747 1052 2828 lego)
1072 2763 1158 2831 prout

59 2845 136 2923 apud
155 2842 289 2904 Ouidium
308 2853 365 2914 est,
384 2860 469 2922 supra
487 2861 581 2901 arcum
599 2841 728 2921 Septimii
746 2841 864 2916 Seueri,
883 2860 940 2899 nou
958 2842 1040 2920 longe
1058 2864 1076 2904 a
1095 2866 1157 2907 eur·

58 2957 135 3013 cere,
155 2939 203 3016 qui
221 2938 268 2995 ubi
286 2936 381 3012 luerit,
399 2935 476 2995 baud
489 2946 532 2994 est
547 2937 705 2995 obscurum.
736 2934 835 2993 Adlicit
846 2935 974 3012 Nibbyuu
989 2935 1026 2995 ad
1038 2937 1156 3017 Nardin,

55 3037 93 3107 2,
110 3051 142 3108 p.
153 3034 207 3089 196
225 3029 322 3087 cellam
341 3031 401 3089 eius
419 3030 516 3107 templi
533 3032 588 3088 iam
607 3028 783 3087 tunctorum
804 3044 899 3086 uersus
916 3038 1087 3106 spectantem
1104 3051 1157 3111 ap·

53 3125 195 3204 paruisse.
224 3125 305 3181 Anno
320 3126 393 3181 1833
408 3124 491 3201 plura
508 3132 573 3181 suut
591 3131 682 3199 eruta,
699 3121 821 3201 inprimis
839 3121 931 3201 scalae
948 3139 967 3179 a
984 3120 1047 3180 foro
1065 3143 1158 3185 assur·

55 3228 170 3294 gentes,
190 3215 247 3274 uid.
266 3214 360 3273 annali
378 3215 444 3272 dell’
463 3216 587 3274 instituto
606 3215 634 3273 di
652 3234 724 3275 corr.
745 3213 821 3272 asub.
842 3215 918 3272 1834
936 3232 967 3293 p.
982 3219 1031 3289 18,
1050 3216 1158 3295 Capina
1253 3276 1256 3281 ,

54 3308 231 3368 nauatam
248 3306 349 3366 storim
367 3306 414 3367 del
431 3307 495 3367 loro
513 3309 551 3368 R„
569 3328 600 3387 p.
611 3302 677 3381 112
714 3307 860 3378 Restabat,
876 3316 909 3367 ut
926 3306 963 3366 de
981 3313 1085 3388 templo
1101 3313 1158 3373 Sa·

54 3400 135 3459 turni
161 3417 268 3458 errores
293 3401 476 3476 tollerentur,
502 3400 579 3480 quod
600 3401 706 3460 factum
725 3410 769 3460 est
786 3418 806 3458 a
822 3402 884 3459 uiro
899 3400 940 3462 ill.
960 3400 1073 3481 Bunsen
1091 3422 1158 3485 ann.

53 3494 147 3563 1884,
164 3512 194 3571 p.
206 3495 253 3552 17.
278 3494 411 3552 bulletiuo
430 3494 523 3571 raab,
541 3513 571 3572 p.
582 3496 630 3565 74,
650 3495 742 3555 annal.
762 3496 855 3570 1886,
874 3513 905 3573 p.
919 3500 986 3553 221.
1025 3497 1087 3555 Hoc
1103 3517 1158 3576 po·

53 3595 164 3646 stremo
181 3586 244 3645 loco
263 3585 397 3644 dooemur
413 3606 474 3647 rem
491 3589 528 3647 ad
545 3587 678 3647 Ouidium
696 3605 770 3668 quae
788 3589 899 3667 egregie
916 3589 1048 3667 pertinet,
1067 3591 1157 3651 Tibe·

54 3682 133 3739 rium
152 3681 253 3739 ueteris
271 3680 367 3759 templi
384 3683 516 3741 ambitum
536 3681 682 3754 dilatasse,
707 3684 747 3741 ita
765 3691 796 3741 ut
812 3683 915 3740 iustum
934 3690 964 3740 et
981 3683 1156 3741 commodum

55 3775 237 3833 interuallum
253 3775 327 3833 iuter
344 3774 436 3852 ipsum
454 3785 483 3833 et
495 3774 611 3833 Saturni
629 3775 728 3835 Mem
746 3776 946 3836 absumeretur.
978 3773 1069 3834 Possit
1082 3794 1158 3835 nunc

57 3867 186 3945 quaestio
203 3868 309 3927 institui
331 3867 368 3926 de
386 3885 433 3942 eo,
454 3885 519 3924 num
538 3867 607 3926 illud
624 3879 707 3928 uetus
726 3869 835 3928 Camilli
853 3870 988 3948 templum
1006 3871 1156 3949 perstiterit

58 3960 97 4018 ad
115 3958 221 4017 Tiberii
240 3977 326 4038 usque
344 3968 482 4039 tempora,
501 3961 548 4018 uel
565 3961 667 4038 potius,
689 3980 753 4021 cum
769 3960 799 4020 id
817 3962 962 4041 probabile
979 3964 1092 4023 minima
1108 3964 1157 4044 sit,

57 4051 210 4111 iacuesime
223 4053 363 4113 Ciceronis
377 4063 407 4113 et
419 4052 551 4112 Varronis
569 4063 661 4114 aetate
679 4054 709 4113 id
721 4055 866 4132 templum,
886 4073 922 4113 an
940 4054 1079 4115 diuersum
1098 4073 1156 4114 nou

57 4143 144 4206 berit
160 4145 197 4204 ab
218 4143 375 4223 Opimiano.
413 4145 542 4216 Quatuor
566 4157 632 4208 suut
649 4148 815 4235 scriptorum
831 4148 887 4210 loci
904 4149 971 4210 tabe
988 4148 1154 4227 memorabi-
