2550 4574
549 244 659 295 rvmrs
740 222 745 231 '
1119 247 1155 300 u

37 399 342 463 VenerisGenetrieis
359 399 390 459 in
407 415 435 459 a.
455 395 485 456 d.
502 396 557 457 vn
571 397 618 458 uel
631 395 671 456 vl
688 393 736 454 ΚΡ
754 393 874 456 Octobr.
890 411 911 455 a
927 396 1046 458 Claudio
1062 406 1156 459 bans·

37 496 133 576 positi
153 495 313 553 testimonio
331 493 467 551 fastorum
488 491 615 569 Capran.
631 499 662 549 st
679 488 806 549 Pinciao.
825 498 907 564 sunt,
932 508 1032 568 parum
1048 489 1079 551 id
1095 491 1156 553 lor·

40 600 126 649 tasse
150 587 300 662 idoneum,
328 605 393 645 cum
417 585 476 643 ludi
493 584 610 644 Veneris
628 603 691 645 cum
709 584 782 644 ludis
799 583 938 644 Drusillae
955 585 1083 662 abrogari
1100 603 1156 664 po-
1254 616 1261 634 ι

43 683 170 756 tuerint,
189 680 254 739 coll.
273 680 359 740 Dion.
377 678 428 755 60,
439 685 494 754 1¹3
513 681 563 755 60,
574 678 603 738 6.

128 771 277 833 Kalendas
294 772 387 833 lunias
405 770 563 850 putauerim
582 789 640 832 oon
657 770 687 831 N
704 771 826 849 signatas
849 721 953 846 luime,
976 768 1157 849 quemadmo-

46 867 150 929 dum
140 885 174 925 nn
191 878 331 927 mmmore
353 865 449 925 attrito
472 863 558 925 luisse
578 865 718 940 traditur,
743 864 795 924 sed
812 863 865 925 NP
883 872 1000 944 propter
1017 881 1098 925 sacra
1120 867 1159 926 ab

45 961 161 1025 Ouidio
179 967 405 1020 commemorata.
443 958 512 1019 Post
526 977 575 1019 eas
588 956 723 1019 Bellonae
735 969 765 1019 et
779 959 905 1018 Herculis
922 959 1090 1038 templorum
1107 957 1160 1019 da·
1234 966 1238 979 ⁸

45 1054 210 1115 diutione
228 1072 264 1115 ex
280 1052 431 1115 muno
447 1054 548 1131 priscis
564 1055 669 1113 misso
685 1053 797 1113 uidetur
814 1051 951 1127 omniu,
978 1070 1096 1129 quarum
1115 1053 1160 1111 iu·

45 1149 194 1209 celebrior
206 1146 260 1205 furit
275 1146 418 1222 memoria,
437 1164 492 1205 nes
506 1146 685 1226 impediebat,
703 1148 849 1225 qno-inus
865 1145 925 1204 dies
938 1146 1090 1206 comitiales
1108 1145 1160 1206 lna·

47 1245 202 1303 lucrentur.
217 1276 220 1281 -
238 1238 407 1299 Piscatorios
431 1239 512 1301 ludos
536 1241 565 1297 in
589 1240 685 1299 tabula
710 1257 766 1299 uon
790 1241 881 1299 notam
905 1258 988 1299 nemo
1006 1238 1161 1303 mirabitur.

47 1336 161 1397 uena
179 1333 291 1393 auom
308 1332 429 1392 aenou
448 1335 544 1393 usurus
561 1343 639 1393 orat
658 1335 686 1394 u
704 1333 768 1393 sut.
787 1331 880 1409 um,
898 1334 948 1412 qu
966 1333 988 1391 a
1008 1353 1064 1394 ms
1083 1343 1163 1395 sxa·
1233 1320 1238 1329 '

50 1439 120 1507 ret,
147 1427 234 1487 credo
259 1435 422 1505 putaremus
439 1427 493 1486 vll
510 1428 552 1487 ld.
570 1427 746 1497 dedicatum,
777 1429 842 1505 qnia
870 1445 904 1485 eo
929 1426 1062 1505 loquendi
1084 1444 1164 1487 mors

51 1541 123 1581 usus
141 1529 188 1580 est
211 1529 316 1598 poeta,
342 1519 454 1597 dequo
480 1522 730 1598 prmonuimus.
770 1519 929 1600 Aposlrid.
947 1519 1022 1579 Non.
1042 1519 1080 1579 ad
1098 1520 1164 1580 Idus

56 1631 148 1692 osque
163 1612 224 1673 dies
237 1611 360 1671 suasos
377 1612 482 1671 babent
499 1612 564 1672 fasti
578 1613 723 1689 Mnffeani,
740 1614 813 1673 inter
827 1632 897 1693 quos
915 1632 952 1673 ne
965 1616 1082 1674 maiorer
1100 1615 1165 1693 qui·

58 1706 124 1765 dem
139 1705 231 1766 ferias
248 1705 353 1764 Vestae
369 1715 398 1764 et
411 1707 510 1766 Matris
524 1708 662 1782 Matutae,
682 1707 734 1766 nisi
751 1707 818 1786 ipsis
835 1709 893 1766 suis
911 1708 1075 1778 nominans,
1094 1706 1165 1766 cmi·

56 1810 165 1875 noant,
188 1809 222 1859 nt
244 1798 369 1876 dignosci
393 1820 449 1859 nou
475 1802 581 1880 possit,
606 1820 672 1859 num
700 1812 816 1879 propter
840 1819 920 1859 aram
946 1802 1019 1862 louis
1037 1799 1166 1877 Pistoris,
1212 1818 1218 1841 ι

55 1896 217 1966 Fortunae,
236 1893 422 1969 Concordiae,
442 1895 517 1954 louis
537 1896 634 1954 inuicti
654 1894 738 1954 aedes
759 1904 855 1953 notam
873 1894 925 1952 NP
943 1901 1085 1974 positums
1102 1894 1169 1954 fse-

58 1988 97 2047 rit
123 1996 223 2045 auctor
246 1986 306 2045 eius
331 1987 465 2063 tabulae,
490 1989 542 2047 uisi
566 1989 595 2047 N
618 1990 829 2067 praeualuisset.
874 1988 980 2047 Verum
1003 1988 1078 2047 ultra
1100 1984 1167 2045 idus
1218 2001 1221 2007 ·

61 2083 149 2141 edam
166 2079 274 2158 aliquot
298 2078 430 2138 buramm
447 2081 598 2142 interuallo
615 2084 645 2141 iu
664 2100 694 2142 a.
713 2082 742 2139 d.
762 2081 842 2139 xvii
860 2076 908 2139 ΚΡ
928 2081 980 2139 lul.
1000 2078 1168 2158 productam

62 2173 152 2232 fuisse
168 2183 278 2251 tempus
296 2171 326 2231 id
344 2174 512 2253 religiosum,
532 2176 616 2236 lidem
635 2177 741 2235 habere
759 2175 851 2233 licebit
868 2173 947 2231 lastis
960 2172 1169 2247 Herwartianis,
1233 2176 1251 2251 4'

66 2266 288 2345 qnandoquidem
307 2275 417 2324 constat
430 2269 534 2328 Vestae
552 2271 655 2328 cultum
671 2268 707 2328 ad
724 2269 820 2326 ultima
835 2267 943 2346 imperii
955 2265 1078 2325 Romani
1097 2274 1170 2324 tam·

10 2421 12 2443 ἶ
69 2378 138 2437 pora
154 2360 354 2418 sancdssimum
372 2361 515 2437 mansisse,
535 2373 564 2421 et
578 2363 746 2441 antiquiores
762 2360 863 2420 desunt
882 2370 977 2421 testes.
1008 2358 1103 2418 Verba
1117 2357 1170 2435 igi·

72 2462 117 2509 tor
134 2450 223 2511 Ouidii
243 2471 273 2513 u.
290 2457 349 2511 223
368 2459 432 2530 post
448 2472 548 2515 socrus
564 2456 637 2516 ldrss
654 2473 711 2514 nou
730 2462 796 2514 sunt
814 2455 850 2513 ad
869 2454 942 2512 diem
963 2453 1122 2512 interdsum
1140 2451 1169 2509 in

74 2545 168 2603 tabula
189 2544 268 2604 ldaff.
294 2546 548 2624 accommodanda,
572 2550 625 2609 sed
651 2568 686 2609 ex
711 2566 794 2607 uersu
811 2551 872 2606 234
897 2545 1076 2608 aestimadda.
1125 2543 1171 2603 De

77 2638 148 2696 initio
164 2640 280 2717 religiosi
301 2642 433 2719 temporie
452 2643 538 2719 possit
557 2641 696 2717 dubitari,
715 2650 809 2699 utrum
827 2661 891 2699 cum
909 2643 1005 2700 tabula
1023 2637 1172 2697 conueniat

77 2729 184 2809 Ouidio,
204 2734 272 2812 quia
290 2744 439 2812 postquam
457 2734 495 2793 ds
513 2735 602 2794 Nonis
621 2737 688 2813 egit,
706 2736 778 2793 illius
797 2737 971 2794 mentionem·
983 2734 1061 2807 fecit,
1081 2751 1118 2790 sn
1135 2730 1172 2790 ab

10 2869 12 2877 .
80 2844 110 2883 aa
124 2826 262 2903 discedat,
282 2846 346 2885 cum
364 2845 394 2884 u.
413 2828 471 2885 226
491 2829 607 2905 primam
627 2839 735 2906 partem
755 2830 844 2905 lunii,
863 2831 918 2889 hoc
936 2837 1017 2887 esta
1034 2825 1172 2884 Kalendis

10 2952 14 2979 ·,
80 2917 113 2976 ad
127 2919 210 2996 idus,
238 2922 345 3000 nuptiis
364 2923 485 2980 alienam
502 2920 586 2980 dicat.
623 2923 695 2980 Eam
714 2923 913 2982 dubitationem
932 2922 1092 2980 coniectura
1107 2919 1174 2976 satis
1250 2996 1253 3005 .

10 3054 21 3079 ,-
80 3011 211 3090 ingeniosa
229 3014 389 3071 sublaturus
407 3022 469 3071 erat
481 3014 659 3092 Vaassenius,
678 3018 726 3093 qui
744 3017 919 3074 scribendum
935 3014 1046 3092 putauit
1060 3015 1174 3070 u.22ils

224 3111 299 3167 unm
314 3106 384 3167 mitt
404 3115 577 3168 momuotru
594 3115 658 3186 pust
679 3127 778 3169 sauros
797 3112 893 3168 tertius
912 3108 991 3177 rau,

12 3228 23 3263 ε
83 3217 129 3277 qut
143 3201 323 3275 efficeretur,
349 3209 381 3257 ut
400 3201 686 3278 animatorias
710 3213 784 3262 esset
807 3221 873 3280 pars
897 3202 1005 3259 nefasta
1030 3197 1101 3273 diei,
1127 3198 1178 3277 qui

10 3322 28 3362 ς
84 3303 184 3354 matur
202 3292 431 3368 Q.s'r.1).F;
452 3300 493 3352 ist·
516 3304 546 3354 et
563 3298 596 3354 iu
618 3314 710 3373 aeque
733 3294 814 3353 facile
839 3302 1043 3353 commutantur
1068 3310 1102 3351 ae
1125 3296 1177 3362 ier,

10 3414 29 3451 ιι
82 3385 147 3461 quod
171 3386 301 3445 scribitur
315 3387 348 3445 io
367 3386 451 3445 codd.
469 3387 527 3463 111,
552 3397 583 3447 et
604 3391 651 3458 isse
677 3387 734 3446 nid.
754 3388 832 3446 Fast.
853 3395 883 3464 2,
902 3391 971 3463 686,
996 3387 1040 3447 lb.
1059 3405 1088 3445 n.
1106 3386 1177 3442 220.

81 3475 199 3538 Fanebat
217 3481 245 3538 ei
263 3480 396 3558 opinioni,
417 3480 493 3558 quud
511 3483 560 3539 ille
578 3481 670 3538 XVlll
688 3480 736 3536 ΚΡ
756 3492 851 3539 nutam
871 3483 900 3539 N
918 3483 947 3539 in
966 3496 1105 3538 marmure
1123 3478 1179 3554 legi

10 3597 33 3639 -.⁴
82 3574 190 3646 munte
222 3571 327 3632 Obstat
345 3591 426 3648 uero,
446 3572 522 3650 qnod
537 3572 656 3633 Ouidius
675 3574 822 3651 aliquoties
841 3592 958 3632 numero
977 3573 1071 3649 aliquo
1087 3569 1179 3649 posito

10 3694 34 3735 ,μ
81 3661 144 3723 lass
155 3664 292 3725 feminino
308 3685 412 3743 genere
428 3666 517 3730 uoluit
532 3667 688 3742 subaudiri,
708 3686 850 3746 nunquam
862 3685 932 3724 uero
945 3665 1109 3739 masculino,
1128 3662 1180 3720 nisi

10 3782 34 3827 a
81 3753 146 3817 buc
171 3759 212 3818 ita
237 3759 448 3838 intelligendum
466 3759 528 3836 quis
547 3758 702 3833 decreuerit
726 3763 757 3837 5,
776 3765 833 3819 603
852 3760 949 3821 idibus
967 3761 1054 3836 prior.
1094 3754 1181 3825 Quod

10 3876 35 3921 ι
84 3851 140 3928 quia
156 3872 258 3931 parum
276 3854 453 3931 exploratum
472 3860 526 3927 est,
544 3855 655 3932 priuata
673 3855 809 3932 religione
826 3855 977 3914 infaustum
996 3863 1107 3929 tempus
1125 3849 1181 3907 ali·

10 3969 36 4014 a
85 3956 181 4022 quanto
198 3948 281 4007 latius
299 3948 432 4026 patuisse,
452 3964 537 4025 quam
556 3965 592 4005 ex
609 3946 689 4005 lastis
702 3947 852 4008 Maffsanis
869 3946 1055 4026 cognoscitur,
1074 3949 1182 4002 statua·
1215 3976 1222 3985 ·

10 4064 37 4109 ,ς
86 4052 140 4098 mm
157 4032 288 4118 oportet,
316 4038 551 4118 quemadmodum
570 4040 724 4098 Februario
743 4043 826 4101 etiam
846 4058 942 4099 meuse
960 4041 1183 4100 demonstratum

10 4142 38 4203 ιμ’
89 4138 134 4189 cst.
171 4133 356 4213 'templorum
380 4133 590 4203 dedicationes,
610 4151 680 4210 quas
705 4129 812 4208 reliqua
837 4136 939 4193 mensis
966 4141 1047 4213 parte
1066 4126 1184 4188 Ouidius
1238 4182 1244 4195 ,
