2550 4574
496 224 718 283 susurronem
983 238 1155 293 &CLXXXIX

77 395 130 448 ata
151 389 283 466 utrinque
302 388 476 447 auctoritatis
501 388 579 447 lance
598 388 684 447 solius
709 384 815 465 ingenii
837 403 893 462 opt
919 393 949 446 et
972 389 1088 452 arbitrio
1106 373 1154 454 res
1269 420 1273 427 ·

77 482 233 541 ministrari
254 481 357 560 possit,
382 481 449 558 quin
471 481 569 557 uulgus
593 481 662 540 illud
681 481 854 541 eruditorum
873 482 1006 541 continuo
1029 487 1155 549 aninum

77 576 93 634 i
114 584 218 649 sumat,
238 575 316 654 quod
333 574 512 632 auctoritates
532 575 707 652 perpendere
727 576 812 654 plane
832 574 965 635 nondum*
978 576 1086 640 didicit.
1118 579 1152 640 Si

77 669 253 742 altmannus,
265 671 294 726 -si
313 668 491 737 Ritschelius‚
510 668 739 746 incomparabiles
760 669 827 742 uiri,
846 688 917 747 quos
936 669 1049 730 lionoris
1067 690 1152 733 causa

77 763 169 836 mino,
187 763 211 821 si
231 762 387 839 pancissimi
407 770 519 838 praeter
536 761 597 819 illos
613 762 661 819 tali
677 761 831 840 quaestioni
846 760 987 825 sufficiunt
1002 771 1152 843 postquam

77 855 153 933 pbus
173 865 202 913 et
220 856 353 934 exemplis
367 851 536 932 disciplinam
548 857 722 914 munierunts
742 877 795 933 ego
811 855 847 914 ad
866 853 894 913 id
915 856 1039 917 nondum
1059 859 1152 943 osteo,

77 967 96 1006 c
115 949 144 1007 in
164 948 254 1008 media
278 949 379 1006 iraude
405 966 504 1005 uerum
527 949 593 1004 satis
618 938 793 1011 confidenter
817 950 967 1015 enucleare
983 952 1150 1030 potuissem:

77 1043 110 1100 tis
136 1051 178 1100 est
200 1042 224 1100 si
251 1042 336 1101 libros
355 1060 373 1100 a
391 1040 491 1100 fraude
510 1041 616 1098 alienos
635 1050 712 1105 rectr
731 1042 855 1121 dignoui.
894 1043 998 1122 Vtique
1015 1044 1045 1107 bi
1062 1046 1151 1122 patilo

77 1153 97 1193 e
116 1135 202 1194 multo
221 1146 286 1194 sunt
309 1137 474 1213 posteriores
493 1133 671 1192 adulteratis:
691 1134 775 1195 facile
793 1155 860 1215 ergo
879 1147 992 1215 praeter
1011 1139 1078 1200 uitia
1095 1139 1151 1198 illic

77 1227 214 1287 stimulata
234 1229 288 1286 alia
307 1229 486 1288 continebant
506 1229 695 1286 communibus
716 1232 887 1306 recentiora,
916 1233 966 1291 nbi
984 1249 1081 1291 uerum
1100 1240 1150 1310 'ex-

77 1341 107 1381 re
124 1325 214 1400 potnit
234 1323 262 1380 in
281 1323 454 1400 interpolatis
474 1322 558 1380 libris.
592 1322 651 1380 Sed
671 1322 737 1381 huic
756 1325 936 1384 consolationi
955 1345 1097 1404 nunquam
1116 1327 1150 1384 li·

77 1417 149 1477 udos
168 1415 287 1491 indulsi,
314 1417 398 1475 immo
425 1416 511 1474 restiti
539 1415 664 1474 fortassis
684 1417 864 1492 obstinatius,
890 1420 929 1476 uti
954 1418 1020 1476 diri
1055 1427 1151 1497 Atque

77 1517 178 1569 mnus
197 1508 235 1568 de
253 1510 307 1568 boc
326 1510 544 1588 interpolationis
569 1526 672 1585 genere
696 1509 773 1588 qnod
797 1522 873 1571 certa
899 1510 1026 1570 codicum
1045 1512 1150 1572 familia

77 1603 211 1662 fitetur.
246 1604 329 1662 Aliud
349 1614 390 1661 est
410 1621 511 1681 uagum
531 1612 560 1661 et
577 1603 737 1662 inconstans
756 1605 833 1683 quod
853 1623 906 1683 per
925 1605 1018 1665 omnia
1036 1607 1149 1667 saecula

77 1690 139 1777 dra
152 1695 318 1754 duodecimo
336 1698 476 1774 librosque
494 1696 691 1755 diuersissimas
710 1707 796 1773 errat,
815 1699 893 1756 cuius
908 1699 1031 1760 nouerit
1050 1700 1149 1759 inutile

77 1786 170 1866 mpla
189 1790 323 1848 nonnulla
347 1792 472 1867 posuisse
497 1807 534 1848 ex
558 1790 633 1849 libris
653 1800 784 1858 accurate
802 1793 884 1851 ιιιιιίι,
922 1791 985 1851 Lib.
1001 1797 1032 1866 l,
1049 1793 1149 1852 ntae

77 1896 100 1938 ro
121 1883 237 1960 uulgato
264 1883 339 1942 ructo
365 1901 467 1961 sopore
493 1882 563 1942 loris
588 1883 722 1942 Francos.
750 1885 835 1943 habet
864 1885 1043 1964 snnbspullo
1066 1885 1149 1961 lecim
1247 1875 1255 1887 .

77 1975 141 2051 473
160 1994 212 2053 pro
238 1979 334 2035 rubro
354 1984 514 2056 conceperat
531 1981 610 2053 iquos
634 1977 707 2037 idem
735 1980 856 2055 concam
879 1985 966 2040 merlo
983 1978 1095 2052 furores
1119 1987 1149 2039 et

89 2069 143 2125 478
161 2087 214 2146 pro
233 2070 470 2147 Parrhasiumque
489 2071 578 2130 larem
602 2071 676 2130 idem
700 2073 914 2148 pometiamque
931 2089 1043 2132 ιιοιιιιιιι
1068 2073 1148 2148 peri.-
1262 2075 1266 2082 '

77 2156 136 2218 llum
161 2163 263 2238 ingenii
286 2162 352 2221 lecit
377 2164 514 2222 librarius.
553 2164 618 2223 Lib.
634 2171 665 2239 2,
685 2184 713 2223 ιι.
731 2169 769 2225 88
793 2173 871 2223 extat
896 2165 925 2222 in
941 2180 1006 2221 ses.
1020 2162 1147 2234 Putean

77 2255 83 2304 l
100 2257 174 2313 rests
191 2254 311 2328 infestos
324 2259 456 2335 proriam
473 2276 557 2317 ormo
575 2259 643 2328 lenc,
664 2258 731 2336 quia
750 2255 890 2336 displicuit
908 2256 1053 2332 uulgatum
1070 2259 1148 2317 stelit

88 2364 179 2417 soro,
204 2349 279 2426 quod
299 2344 380 2409 facile
398 2369 430 2410 se
449 2361 544 2410 tuetur
562 2352 691 2462 exemplo
711 2351 859 2430 Sophoclis
877 2349 977 2426 fragm.
992 2353 1065 2408 110:
1093 2366 1148 2409 so-
1249 2396 1252 2406 .

77 2551 116 2594 *us
134 2546 177 2594 cst
194 2535 340 2595 'l'lreocriti
359 2538 435 2614 apud
455 2540 537 2600 Stnb.
556 2559 641 2602 serm.
660 2545 692 2616 2,
711 2559 742 2619 p.
734 2541 790 2597 ,66
807 2536 935 2596 sebosa
925 2531 987 2594 ·ἒν
1005 2531 1063 2614 μὲν
1082 2536 1161 2621 τοῖςι

77 2644 145 2688 tots
159 2621 267 2707 r'r'prrror
285 2627 337 2689 sol
356 2628 485 2706 λέοντες,
505 2633 551 2692 nel
560 2632 691 2692 Lactant.
705 2636 735 2708 7,
744 2635 793 2690 24.
817 2630 882 2689 Lib.
894 2633 991 2703 atat
1010 2651 1062 2706 pro
1080 2633 1149 2691 sirn-

77 2721 189 2782 icissima
207 2726 342 2802 scripturn
362 2728 454 2785 Dicito
475 2725 585 2804 urffuso
604 2733 645 2785 ter
664 2725 738 2786 botro
756 2725 842 2786 uerbo
861 2738 935 2788 meto
958 2724 986 2782 in
1006 2724 1148 2808 Thnaneo

77 2817 186 2875 utiliter
203 2821 295 2877 Dicite
313 2819 458 2892 {audacter
476 2824 507 2880 iss
521 2819 704 2884 sanciretis
717 2839 831 2881 ιιιιιιιιιι.
863 2817 904 2879 lb.
925 2837 953 2881 ιι.
964 2821 1027 2880 721,
1041 2819 1069 2877 in
1088 2819 1148 2896 pri-
1176 2899 1182 2907 ·
1217 2817 1220 2826 “

77 2914 87 2963 ἰ
106 2910 252 2970 Puteanco
272 2912 430 2973 molestiora
447 2932 543 2994 pttqrso
560 2932 614 2992 pro
634 2916 801 2973 conmittere
817 2929 950 2990 mnam.
975 2910 1053 2994 Lib.
1064 2915 1094 2986 6,
1106 2913 1147 2973 69

77 3005 137 3064 ιιοΙ.
158 3024 229 3081 quoe
247 3009 346 3082 porois
370 3006 597 3084 pontesursum
618 3027 672 3086 pro
699 3025 770 3084 qncc
793 3007 933 3085 quamuis.
973 3003 1061 3067 Simili
1079 3003 1148 3065 tle-

77 3098 135 3157 utia
153 3099 242 3157 codex
261 3101 361 3157 nullius
381 3101 422 3158 rei
436 3101 561 3158 Gallicus
579 3106 609 3170 2,
622 3103 678 3158 403
694 3110 722 3158 et
734 3104 764 3172 3,
774 3102 830 3155 841
854 3098 1008 3171 Vopicrael
1026 3096 1150 3159 clamore.
1242 3104 1246 3112 '

77 3194 106 3250 ri
131 3203 161 3250 et
185 3195 246 3251 sine
264 3211 376 3253 murm
393 3196 494 3269 patris.
533 3193 597 3252 Lib.
613 3194 645 3266 4,
664 3210 762 3250 uersus
773 3193 812 3248 47
835 3199 913 3249 totus
931 3188 1043 3263 relictus
1058 3189 1148 3248 'aliter

77 3286 128 3344 :in
142 3286 292 3346 Moretanis
311 3286 431 3360 duobus,
449 3306 478 3343 u.
488 3288 547 3343 440
564 3303 685 3362 pesteque
698 3301 780 3344 rossa
800 3301 851 3360 pro
870 3299 940 3359 pars
952 3299 1042 3342 rutero
1059 3282 1146 3340 inter*

77 3378 147 3438 latio
167 3379 222 3437 dici
241 3383 345 3459 p'uterit
368 3382 395 3439 in
416 3379 556 3455 Gotting.,
583 3388 614 3437 ut
633 3397 661 3436 ιι.
673 3380 732 3435 447
756 3379 785 3436 lo
813 3379 976 3453 coetuque
993 3393 1152 3452 parataque

77 3476 141 3533 nio
159 3478 309 3534 ιαιίιιὶιιιιι
326 3481 417 3532 rioms·
439 3491 526 3548 supra
545 3474 646 3531 lineam
664 3472 770 3533 Moret.
789 3489 847 3528 sec.
867 3470 910 3529 lb.
928 3468 985 3527 696
1004 3469 1077 3527 inter
1096 3488 1147 3533 ua·

77 3587 96 3626 s
123 3569 297 3626 librariorum
325 3576 440 3627 conatus
465 3567 619 3644 scripturae
643 3563 747 3622 codicis
764 3556 897 3622 Francos.
916 3561 1067 3642 particulas
1091 3563 1150 3621 iant

77 3661 152 3718 scrrlo
170 3661 336 3720 duodecimo
360 3660 476 3717 inueniri
504 3659 602 3733 uides,
629 3677 703 3737 quae
726 3656 845 3716 conficta
873 3664 916 3714 cst
940 3675 975 3714 ex
994 3655 1056 3714 loco
1075 3674 1149 3718 rem.

77 3772 129 3812 ror.
151 3757 247 3812 u.192
269 3753 323 3813 lruc
342 3753 487 3812 adhibito:
516 3759 554 3817 Ει
573 3760 685 3813 sorsum
703 3769 770 3811 roro
788 3753 893 3830 pectine
910 3751 997 3808 uertit
1015 3749 1150 3812 business

77 3845 196 3908 oburno
216 3846 347 3924 ponenda
366 3848 419 3907 suit
438 3855 523 3907 torro.
562 3847 627 3908 Lib.
643 3846 675 3921 6,
689 3850 745 3903 361
774 3847 805 3903 in
821 3843 991 3903 Londlnensi
1009 3850 1149 3900 mutatum
1202 3923 1204 3928 Ι

77 3951 85 3998 ι
102 3960 160 3999 non
179 3941 300 4001 absurde
311 3942 339 3998 in
356 3944 510 4001 sententiae
523 3940 662 4019 generalis
675 3937 815 3998 formans
831 3941 920 4015 Saepo
938 3941 1033 3996 rouen
1052 3933 1148 3994 dictent

77 4043 117 4093 et.
149 4033 193 4094 llr.
212 4034 309 4094 6666
332 4036 440 4094 Oarion
457 4036 560 4094 codicis
575 4033 708 4092 flruanei
727 4033 900 4108 aliorumque
918 4039 961 4088 est
974 4046 1010 4087 ex
1022 4026 1148 4086 Catullo

77 4146 128 4185 ..ιι
123 4129 196 4184 667
216 4128 335 4188 alterum
350 4127 550 4191 hemistichium
565 4128 688 4208 corrupit
701 4125 870 4189 Tbuaneust
890 4119 981 4181 Pulso
994 4103 1065 4181 leole
1081 4118 1146 4196 turo

83 4236 322 4298 ocrssmrrpore
878 4215 952 4276 Τ
