2550 4574
135 269 224 324 011⁴ss
506 264 563 313 *aa
582 264 721 314 mittut
743 264 852 313 8101110

43 420 49 429 “
135 419 243 483 suomi
259 417 389 497 ampla
406 425 560 497 suppetant
576 435 717 479 sacramm
734 416 863 494 aedium,
887 434 962 496 quae
985 424 1132 497 postquam
1150 434 1236 479 reno·

136 523 222 577 maa
238 522 315 587 runt,
332 512 388 571 aiio
407 521 493 591 atquc
510 513 576 575 ottn
594 511 641 573 die
658 521 724 571 anot
741 510 901 586 dedicatae,
919 520 1013 571 umen
1031 511 1099 590 quia
1115 510 1237 571 Mati'aa·

135 626 204 669 anm
222 624 343 665 marmor
354 605 419 665 xitt
433 606 481 665 ΚΡ
496 607 549 665 lui.
567 615 661 665 notam
679 595 731 665 NP
750 605 852 665 omittit
870 615 900 665 et
917 604 1070 665 secundum
1087 605 1149 685 ipra
1163 606 1236 665 Ver·

136 700 171 759 rii
189 700 276 757 uerba
296 708 415 779 utroque
434 700 497 759 loco
515 699 553 759 ds
568 699 799 778 Quinquatribus,
817 717 893 758 noua
910 697 1059 774 dedicatio,
1076 698 1154 777 qaod
1165 697 1238 759 out·

136 792 185 854 tto
198 790 373 867 adaemtnr,
392 792 505 853 raderet
524 794 553 852 io
570 810 695 853 mamam
707 793 826 853 Iuniam.
860 793 958 862 Quare
977 803 1058 852 uetur
1074 790 1145 851 illud
1164 800 1237 851 tem·

136 886 215 967 plum
234 882 412 951 anteoaidii
437 895 557 946 aetatem
580 904 638 945 non
657 886 833 960 resdtutum,
858 882 1038 945 dedicationis
1063 894 1158 945 antem
1175 885 1236 945 οἱιιο

136 978 198 1041 diet
215 980 344 1056 ambigua
361 979 418 1039 lide
436 979 552 1039 traditus
571 996 634 1039 ease
654 977 783 1038 uidetur:
814 975 932 1038 Ouidius
949 997 999 1037 ena
1016 978 1161 1058 seqnitur,
1187 978 1236 1056 qai

137 1090 236 1133 mense
253 1072 356 1131 Martio
371 1072 526 1133 lllinernm
545 1072 677 1151 Capmm,
694 1072 774 1131 lunio
791 1072 956 1133 Auentinam
975 1082 1163 1131 comentem
1181 1090 1236 1151 pa·

136 1175 251 1236 tarnat,
275 1183 397 1226 marnam
422 1166 502 1227 Mati.
529 1167 675 1225 obscuma
700 1166 862 1227 mearoriam
888 1164 1021 1243 neglexit.
1064 1163 1236 1223 Posteriora·

136 1259 272 1321 morum
291 1257 398 1336 lapides
416 1278 482 1319 num
500 1259 564 1325 ideo
582 1267 745 1319 annotatum
765 1258 905 1335 adeant,
920 1259 989 1341 qnia
1006 1266 1072 1337 post
1089 1257 1237 1317 'liberium

137 1353 246 1415 codic
268 1351 352 1411 aedes
378 1352 432 1410 ista
450 1353 641 1413 tarnanensis
663 1354 792 1413 restituta
813 1351 915 1428 inerit,
942 1351 1052 1413 nescio:
1077 1358 1237 1411 musac

105 1492 108 1503 .
136 1455 231 1511 tamen
248 1447 296 1505 illa
313 1446 343 1503 in
361 1445 459 1505 notitia
477 1447 570 1507 Vrbis.

138 1586 142 1593 .
212 1540 396 1605 Summani
414 1541 548 1620 templum
567 1538 681 1620 qnando
698 1538 856 1599 dedicatum
874 1541 928 1616 sit,
953 1538 1127 1613 accuratim,
1150 1555 1236 1615 qnam

137 1633 215 1714 apud
234 1632 383 1707 Ouidium,
406 1652 543 1713 nusquam
561 1634 689 1695 traditur.
728 1630 862 1692 aPttnto
880 1644 939 1693 nat.
957 1632 1022 1693 lriat.
1040 1635 1092 1707 29,
1108 1632 1131 1689 4
1148 1648 1237 1709 prope

137 1728 292 1794 iuuentutis
316 1726 415 1787 aedem
439 1727 525 1787 luiso
547 1735 789 1787 commemoratur.
832 1726 987 1787 luaeatntic
1011 1736 1104 1786 anum
1132 1724 1238 1803 templa

137 1839 202 1883 ctam
220 1820 277 1885 dno
295 1819 418 1895 luerint,
445 1821 564 1880 alterum
588 1822 617 1879 in
636 1820 793 1899 Capitolio,
818 1819 937 1879 alterum
955 1819 984 1879 ia
1004 1820 1088 1879 Circo
1105 1817 1237 1888 urano,

136 1913 295 1975 dedicatum
313 1932 389 1973 anno
407 1909 476 1989 361,
495 1914 558 1973 Liar.
578 1918 628 1989 36,
648 1917 698 1989 36,
718 1913 849 1975 Saclmim
869 1919 899 1988 l,
918 1932 948 1992 p.
962 1914 1022 1971 aaa
1037 1912 1140 1972 erroris
1157 1926 1238 1971 coar·

30 2012 33 2019 '
136 2008 231 2087 guitur
250 2026 268 2065 a
286 2006 364 2073 iactis
378 2008 566 2084 Amiterninis,
583 2007 741 2085 anoiiiaia
760 2004 918 2081 Venusiam
936 2007 986 2085 qui
999 2008 1183 2066 masc
1199 2002 1238 2064 ad

138 2102 251 2163 birrum
268 2105 356 2166 Mac.
375 2100 428 2161 Xll
445 2101 492 2159 Kl’
511 2101 564 2161 lul.
583 2101 734 2180 ascriptum
752 2100 865 2159 habent.
912 2099 1019 2159 Plinius
1036 2100 1113 2180 qaod
1131 2107 1237 2176 οοποῐ,

139 2196 214 2259 circa
232 2196 373 2274 Lupercal
390 2194 496 2253 factum
518 2211 579 2258 esea
597 2195 708 2257 uidetur
725 2203 796 2253 testa
815 2192 965 2253 Plutarcho
982 2193 1067 2253 Rom.
1085 2198 1173 2253 ο.21.

139 2336 142 2343 .
215 2290 260 2348 De
279 2289 350 2349 aede
367 2288 489 2348 Fortis
508 2287 698 2349 Fortunae
717 2288 841 2347 VlllKl’
854 2288 907 2348 tot.
926 2305 945 2347 a
961 2287 1062 2347 Sentio
1077 2286 1173 2345 Tullio
1186 2285 1238 2346 de-

137 2381 230 2442 dicata
248 2383 385 2441 consentit
400 2381 519 2441 Ouidius
537 2401 600 2441 cam
614 2383 741 2441 Varrone
758 2382 796 2441 de
815 2383 834 2441 Ι.
849 2383 914 2458 tt,
928 2385 976 2441 17.
1013 2381 1092 2440 ldem
1108 2378 1155 2439 laic
1168 2380 1237 2458 quin

136 2474 168 2535 ia
184 2474 259 2532 libris
278 2492 371 2533 mrum
389 2474 546 2534 diuinarum
559 2476 642 2554 plura
655 2476 781 2535 subtilius
795 2475 982 2550 annotauecit,
1001 2476 1078 2533 uelut
1091 2492 1167 2533 anno
1178 2474 1238 2534 460

137 2567 294 2635 satiantem
313 2585 375 2626 ease
393 2567 491 2627 aedem
510 2586 567 2627 non
584 2569 646 2647 ipso
667 2580 764 2629 uetera
783 2571 865 2645 loco,
883 2568 947 2627 Liu.
967 2571 1016 2643 10,
1035 2570 1086 2644 aa,
1104 2586 1161 2629 non
1179 2566 1239 2626 dn-

138 2659 209 2718 bito.
248 2660 341 2719 Trans
355 2660 482 2721 Tiberim
501 2680 564 2722 eam
581 2662 667 2721 luiaae
684 2680 720 2721 ex
738 2661 833 2721 Ouidii
852 2680 939 2721 aeras.
953 2664 1023 2736 777,
1034 2664 1103 2733 779,
1115 2664 1174 2721 760
1191 2663 1237 2721 ia·

137 2752 244 2813 tellexit
261 2755 345 2815 etiam
361 2754 449 2815 ialam
459 2756 516 2818 ille
528 2756 636 2830 Victor,
653 2756 703 2833 qui
720 2763 813 2815 tameo
832 2774 896 2815 cum
912 2757 944 2839 ,5¹¹
963 2754 1083 2835 aduersa
1098 2755 1161 2834 ripa
1174 2772 1237 2833 reg.

137 2844 203 2907 atti
221 2856 469 2926 propteruertum
481 2851 541 2911 tat
558 2851 691 2929 templum
710 2850 853 2910 Fortunae
866 2850 976 2910 Dabiaa
993 2858 1164 2909 commentans
1182 2856 1240 2925 cst,

137 2938 253 3000 ridicula
270 2940 369 3017 fecit,
380 2941 432 3001 sad
457 2942 587 3003 credulos
610 2942 708 3002 habuit
724 2943 881 3003 Nardinum
899 2948 928 3015 3,
949 2961 981 3022 p.
996 2943 1054 3002 336
1071 2950 1103 3002 ο1
1118 2941 1239 3020 Foggin.

137 3034 451 3112 praestantiorum
471 3044 500 3112 1,
520 3056 550 3115 p.
563 3037 633 3095 240.
671 3038 761 3096 Multo
787 3038 906 3108 metina,
932 3046 963 3095 at
987 3037 1102 3116 opinor,
1127 3044 1240 3094 utemur

137 3144 174 3187 eo
194 3125 288 3188 Ouidii
312 3146 395 3188 uersa
419 3130 456 3189 ad
480 3129 689 3190 discernendam
714 3139 838 3191 ueterem
862 3131 956 3190 Sarna
979 3131 1077 3190 aedem
1095 3128 1240 3188 Fortunae

136 3220 176 3279 ab
193 3238 239 3296 ea,
257 3241 332 3300 quae
348 3240 424 3282 auno
441 3222 476 3281 V.
491 3223 526 3282 C.
543 3227 601 3284 769
620 3226 649 3284 in
670 3227 797 3285 Οοοοοοίο
815 3224 903 3283 hortis
919 3222 1011 3283 dicata
1029 3232 1072 3282 est
1088 3230 1163 3283 teate
1177 3223 1241 3281 Το-

136 3310 194 3371 cito
210 3330 276 3373 aar.
295 3318 387 3386 241,
405 3333 490 3393 quam
508 3315 625 3378 Ouidius
644 3321 723 3379 nouit
739 3319 876 3394 iortame,
892 3317 944 3377 red
962 3336 1019 3377 aaa
1038 3334 1240 3377 commemora·

138 3405 193 3475 uit.v
226 3405 259 3463 la
275 3404 354 3466 lastis
372 3410 636 3471 enimdmiterniois
654 3432 718 3473 curn
735 3412 776 3471 ita
793 3410 894 3472 eodem
909 3409 956 3470 die
976 3418 1140 3470 annototnrs
1158 3411 1240 3479 Furti

136 3502 278 3560 Fortunae
298 3501 472 3563 marotia.
486 3503 526 3563 od
542 3504 657 3567 adulor.
670 3510 753 3586 oriar.
772 3512 800 3565 ct
817 3510 901 3576 acri,
920 3504 1003 3565 facile
1020 3504 1183 3582 intelligitur
1199 3500 1241 3561 ad

136 3601 231 3653 utrum
250 3594 313 3654 uiae
325 3594 486 3655 Portueasis
503 3598 649 3658 miliarium
662 3599 756 3660 Ouidii
774 3600 862 3658 uerba
880 3599 936 3658 ciat
955 3597 1192 3659 accommodanda
1209 3605 1242 3656 et

136 3697 247 3765 quauta
264 3688 392 3749 Caesaris
410 3687 554 3748 hortorum
573 3691 755 3772 longinquitas
773 3692 910 3751 indicetur
926 3693 1005 3771 apud
1021 3692 1166 3750 Horatium
1183 3700 1240 3749 rat.

136 3785 168 3857 a,
187 3787 217 3857 a,
237 3785 284 3841 aa.

139 3938 143 3945 ,
214 3875 313 3933 louis
332 3874 500 3934 Statoris
522 3896 640 3957 'quoque
659 3879 755 3958 templi
776 3880 803 3937 V
821 3879 870 3938 Kl’
889 3881 942 3942 lul.
960 3881 1052 3938 locum
1071 3878 1241 3952 accuratius,

135 3986 220 4046 quam
240 3968 381 4027 historiam
400 3967 483 4028 tradit
505 3981 601 4048 poeta.
639 3971 725 4040 Quod
744 3991 762 4031 a
780 3973 901 4033 Romulo
921 3973 1060 4033 conditum
1080 3972 1149 4031 diait
1167 3988 1241 4028 oon·

135 4063 215 4121 contr
233 4081 296 4120 cum
315 4061 439 4138 Dionysii
459 4063 523 4121 llal.
541 4065 634 4122 uerbis
652 4069 684 4140 2,
699 4066 756 4141 to,
783 4066 833 4125 sed
856 4066 1032 4126 iudicandum
1050 4075 1094 4125 ert
1110 4083 1147 4125 ex
1166 4063 1242 4121 linit

95 4226 99 4237 ‚
136 4157 291 4219 testimonio
310 4159 360 4232 10,
371 4158 421 4215 37.
459 4155 566 4215 boum
583 4174 652 4219 uera
670 4157 798 4236 designat
815 4161 867 4220 tub
886 4160 1015 4221 Palatino
1033 4168 1131 4219 monte
1147 4173 1242 4237 prope
