2550 4574
459 232 604 293 sanarer
619 234 772 301 aaaaapo
1017 301 1021 311 Ι
1112 243 1158 289 vu

54 406 81 447 r.
92 387 151 461 293
179 387 386 446 triumuirorum
404 384 517 446 decreta
529 387 701 460 Oetauianua
718 398 790 459 teate
802 388 892 450 Dione
910 389 993 466 5³22
1011 408 1085 459 mo
1101 394 1160 459 m

54 479 95 540 V.
112 481 150 538 C.
171 472 218 538 δι’
239 473 309 551 ἑνὸς
326 472 571 559 προγράμματος
588 473 752 560 κατέλυσε,
779 482 863 562 idque
880 499 954 543 ooao
972 493 1123 564 numquam
1140 504 1160 545 a
1218 526 1221 535 ,

55 583 160 632 senatu
177 576 343 654 populoque
360 575 499 653 Augustus
518 584 547 634 et
565 575 601 637 ab
621 572 737 635 Horatio
761 576 888 655 expiator
904 576 1014 657 sceleris
1033 580 1159 658 appella·

59 680 156 745 retur,
180 680 212 729 ut
230 667 350 729 fortasse
367 675 435 726 tane
452 669 550 727 Iduum
569 669 750 749 Martiarum,
776 668 874 727 amalis
894 669 1005 729 Antonii
1022 671 1089 745 (Dio
1107 671 1158 748 ⁵1,

64 765 123 838 19),
141 764 257 822 aliorum
276 770 399 819 atrorum
414 761 533 839 dierum,
552 764 600 841 qui
619 760 656 822 ad
673 763 716 823 ius
734 761 905 842 pontificium
924 770 999 820 certe
1018 778 1160 844 nunqnam¹

61 856 263 934 pertinuerunt,
278 854 390 914 desierit
403 855 518 934 religio,
536 875 599 915 cum
613 864 730 932 negatur
744 854 856 930 diebus,
871 856 920 934 qai
933 854 1057 915 saeriiioii
1075 875 1159 918 canu
1185 876 1209 895 ··

59 949 160 1009 nefasti
178 948 297 1023 inerint,
322 966 443 1025 unquam
462 949 508 1007 nel
526 960 608 1021 anta,
634 949 681 1008 nel
699 958 764 1028 post
782 950 935 1026 Augustum
953 958 1080 1013 senatum
1096 954 1159 1015 eale

61 1052 263 1117 rooaooatum,
289 1049 350 1100 esto
369 1038 438 1100 talea
457 1060 512 1101 non
530 1043 616 1105 inisse
634 1041 660 1102 V
678 1041 722 1102 ld.
739 1043 821 1122 Apu,
840 1041 878 1101 lli
897 1041 938 1101 ld.
958 1042 1039 1120 bini,
1056 1045 1105 1122 qui
1123 1062 1159 1105 er

63 1136 202 1195 Cioeronis
218 1135 342 1214 epistolis
360 1133 539 1196 adbibentun
568 1154 665 1195 uerum
683 1134 785 1193 ibidem
804 1139 852 1210 12,
872 1135 910 1192 25
929 1135 992 1213 lego
1012 1136 1158 1214 Quinqua-

64 1228 148 1286 tribus
164 1227 340 1306 frequentem
358 1237 484 1286 senatum
504 1227 607 1303 luisse,
631 1229 710 1307 isque
736 1227 795 1286 dies
821 1227 945 1300 nefastus
964 1236 1007 1286 est
1031 1230 1059 1286 in
1077 1238 1158 1289 ueta·

66 1320 192 1397 mssimb,
210 1338 284 1400 quae
301 1319 339 1383 ad
357 1340 408 1380 nos
426 1330 628 1400 pemenerunt,
646 1319 747 1380 tabulis
763 1318 907 1382 Meffeaoa
921 1328 949 1379 et
963 1319 1159 1383 Praenestinae

67 1411 129 1472 iliad
146 1431 213 1477 uero
231 1414 377 1484 ridiculum
395 1424 448 1491 est,
467 1433 530 1474 oum
548 1417 577 1475 in
595 1415 656 1494 ipso
675 1413 833 1475 colondano
851 1413 1037 1474 Lambeciano
1051 1416 1158 1491 Kalen·

70 1503 108 1565 dis
122 1505 204 1583 lali'u,
223 1507 334 1567 nefasto
352 1507 416 1580 die,
432 1517 545 1567 aenatus
563 1507 701 1587 legitimus
717 1506 953 1588 deprehenditur,
970 1505 1055 1586 idque
1074 1527 1157 1575 exou-
1207 1536 1210 1542 ·

10 1594 12 1641 ἕ
65 1606 137 1663 sator
152 1609 271 1680 propter
288 1601 423 1663 minorem
440 1600 482 1660 rei
498 1618 611 1678 sarrae,
631 1620 705 1681 qnae
723 1610 784 1661 tum
801 1601 876 1660 iacta
894 1600 947 1675 sit,
965 1603 1157 1679 sanctitatem,

75 1690 137 1768 qnod
158 1691 196 1754 de
222 1694 336 1773 reliquis
361 1711 473 1774 qaoque
500 1694 613 1763 nefastis
631 1694 766 1755 Kalendis
791 1694 845 1753 diri
872 1702 992 1773 poterat.
1037 1695 1157 1755 Maxime

73 1783 142 1842 etiarn
159 1783 187 1844 id
205 1802 225 1845 a
243 1785 350 1846 disertis
367 1785 465 1845 Dionis
483 1788 575 1847 uerbis
593 1787 740 1863 abhorret,
758 1787 834 1865 quod
852 1788 976 1865 plurimis
993 1785 1091 1847 diebus
1109 1798 1157 1846 to·

72 1875 100 1933 tis
114 1875 198 1955 iestis,
217 1880 265 1939 uel
283 1879 463 1939 eomitialibus
479 1889 598 1943 senatus,
609 1879 719 1942 habitus
736 1881 822 1958 foret,
840 1881 864 1939 si
882 1879 1013 1940 credibile
1027 1891 1101 1940 emet
1118 1881 1156 1939 ab

71 1968 174 2049 legasti
189 1971 257 2034 inde
274 1981 401 2053 tempore
417 1972 456 2033 ad
474 1973 628 2043 &namatii
647 1982 768 2034 aetatem
785 1973 853 2034 nihil
870 1984 1006 2034 mutatum
1023 1973 1154 2049 inissetin

71 2078 156 2139 emt
172 2064 250 2143 quod
268 2086 306 2127 ne
323 2068 444 2127 enimam
462 2064 635 2144 inducamur,
653 2077 768 2127 monent
781 2068 866 2127 Gellii
885 2069 970 2126 uerba
989 2069 1020 2143 4,
1033 2070 1069 2126 9:
1089 2071 1155 2125 ants
1206 2132 1211 2141 .

69 2152 152 2232 imm,
165 2176 235 2235 onae
248 2179 321 2221 narro
333 2160 366 2223 ds
378 2167 478 2221 sonata
491 2158 615 2220 laburdo
629 2159 802 2222 obseruator.
830 2158 924 2224 Velim
943 2178 1011 2239 ergo
1028 2157 1155 2218 damnari

68 2247 138 2307 irtam
161 2250 304 2317 Vaasseaii
328 2255 494 2323 monendam
507 2263 549 2325 ,et
576 2271 649 2332 qaae
673 2272 760 2333 sopra
787 2254 902 2333 exposui
928 2261 1012 2314 reete«
1029 2252 1155 2331 exposita

68 2341 221 2419 mauman,
244 2365 299 2417 nee
317 2346 420 2407 'offendi
438 2350 468 2416 in
487 2367 541 2425 eo,
560 2346 636 2427 quod
654 2365 710 2405 non
731 2345 816 2405 modo
833 2346 947 2405 nefastis
965 2345 1079 2422 diebus,
1102 2343 1153 2404 sed

66 2435 140 2494 etiam
158 2437 266 2498 ueiaata
284 2439 390 2500 dierum
408 2450 490 2520 parte
510 2451 540 2500 et
559 2458 700 2519 nonquam
720 2460 776 2501 nou
800 2442 872 2503 inter
889 2459 968 2500 sacra
983 2437 1154 2499 Kelendaria

64 2524 200 2607 iduliaqas
214 2541 328 2592 senatus
345 2535 485 2611 conuenit,
501 2533 635 2612 siquidem
651 2534 679 2592 iu
694 2534 755 2613 ipso
769 2546 867 2593 senatu
879 2554 939 2593 rem
952 2552 1059 2593 sacram
1073 2533 1154 2607 thure

61 2638 190 2700 meroque
213 2624 275 2684 fieri
298 2626 377 2685 iruait
393 2629 550 2704 Augustus,
575 2627 655 2686 Suet.
676 2625 741 2687 Oct.
761 2629 810 2704 35,
830 2628 885 2687 Dio
902 2628 954 2705 54,
973 2629 1021 2684 30.
1060 2626 1150 2697 Video

59 2724 153 2774 ronna
172 2734 206 2776 ea
224 2717 318 2776 afferri
335 2738 418 2797 posse
435 2719 532 2780 Diouis
551 2720 643 2778 locum
662 2723 711 2796 oo,
732 2725 787 2779 412
815 2716 847 2780 la
865 2715 922 2796 μὲν
941 2722 1010 2789 ταῖς
1029 2711 1152 2797 ἑορταῖς

55 2803 107 2871 nat
120 2801 176 2867 τὸν
188 2805 289 2886 δῆμον
304 2803 409 2872 οἴκαδε
422 2804 680 2890 προσδεξαμένου,
703 2808 735 2871 ἐν
754 2808 789 2873 tl
807 2816 877 2882 ταῖς
895 2803 1004 2882 ἄλλαις
1022 2801 1152 2890 ἡμέραις

53 2897 108 2960 sol
124 2896 183 2980 τὴν
201 2900 363 2982 γερουσίαν
379 2900 412 2965 ἐν
426 2898 511 2988 αὐτῷ
524 2903 570 2987 τῷ
582 2903 793 2990 βουλευτηρίῳ
814 2899 1044 2985 ἀσπασαμένου.
1072 2906 1151 2975 Esto,
1180 2944 1182 2950 -

31 2986 114 3057 'sine
132 2985 243 3073 ἑορτὰς
259 2999 395 3078 inteiligas
408 3000 466 3061 diss
477 3000 603 3076 foebam,
622 3001 682 3059 siue
700 3000 800 3076 sorios,
818 3002 993 3067 siueanoraa
1008 2997 1151 3056 calabrita-

50 3093 111 3164 tsa,
131 3088 277 3151 Kalendas
295 3101 324 3150 et
343 3093 409 3152 idus
432 3093 579 3174 aliquando
604 3095 638 3153 iis
665 3095 894 3173 appellationibus
919 3101 1029 3151 notatas
1054 3089 1152 3164 fuisse,

50 3180 130 3240 Geli·
145 3187 177 3258 ²,
187 3184 238 3260 24,
255 3182 345 3245 iduor.
361 3192 392 3262 l,
402 3189 455 3248 152
475 3187 589 3247 dubium
604 3198 698 3247 tameo
717 3189 764 3247 uix
777 3196 831 3263 est,
850 3185 917 3265 quin
936 3185 998 3244 illos
1015 3183 1153 3251 maximae

50 3271 220 3350 &gunnoris
238 3287 269 3337 et
285 3279 369 3337 totius
393 3281 490 3359 popuii
514 3280 719 3340 seriosinnuat
735 3282 809 3356 Dio,
835 3280 931 3360 quales
950 3279 1151 3357 Quinquatrus,
1227 3278 1230 3283 ⁴

49 3383 129 3444 qnae
151 3365 228 3446 apud
247 3371 402 3431 Varronem
426 3373 464 3433 de
481 3374 501 3432 1.
520 3375 707 3453 1.6,³sqq.
727 3381 943 3448 enumerantur,
969 3389 1097 3451 quaeqae
1121 3372 1151 3433 in

47 3457 189 3520 sutorum
201 3460 301 3523 tabul‘n
314 3466 421 3543 magnis
437 3467 535 3526 litteris
552 3468 630 3525 iuxta
642 3467 747 3526 litteras
761 3467 925 3527 nundinales
938 3456 1058 3544 scriptae
1075 3473 1150 3528 suot.

47 3552 88 3612 lia
106 3554 172 3613 olim
191 3568 317 3618 senatum
336 3558 459 3619 habitum
478 3579 539 3620 esse
563 3580 621 3619 ano
644 3562 771 3641 exemplo
796 3557 894 3620 docuit
920 3559 1035 3637 Augusti
1059 3567 1152 3617 aetate

46 3657 180 3708 mrum
200 3651 350 3729 legitimum
368 3671 426 3712 aon
444 3651 529 3723 foisse
540 3663 667 3731 apparet,
686 3673 750 3715 oum
760 3653 926 3713 Matronalia
939 3670 975 3709 ne
990 3649 1067 3731 apud
1079 3650 1151 3710 Var-

49 3759 150 3800 ronem
168 3744 290 3822 quidem,
309 3747 500 3824 Quinquatrus
518 3745 687 3806 minusculae
705 3748 782 3806 nulla
801 3748 828 3805 io
847 3745 944 3806 nbrolo
962 3750 1149 3822 compareant.

77 3876 81 3883 ·
127 3834 224 3913 Pergo
242 3838 279 3897 ad
304 3840 441 3915 altemm,
465 3837 541 3916 quod
560 3838 710 3898 Suetonius
734 3838 848 3898 tradidit
865 3843 1017 3915 Augustum
1034 3834 1152 3914 ampiiur'

53 3930 167 4007 mpura
184 3929 245 3988 dies
263 3932 335 3995 ludis
353 3932 506 3995 honorariis
524 3942 676 4010 occupatos
692 3933 766 3994 adai
785 3952 878 3992 rorum
897 3928 1061 4010 permisisse.
1092 3924 1152 3985 Ne·

53 4041 133 4083 oesse
151 4031 195 4082 est
212 4025 416 4104 intelligamur,
439 4027 488 4105 qui
512 4027 552 4088 illi
579 4025 639 4086 dies
656 4027 719 4086 rint.
757 4027 916 4086 Pronoeaut
932 4024 1101 4101 interpretes
1115 4018 1152 4078 ad

54 4118 136 4181 Pauli
153 4116 273 4193 nuent
291 4120 381 4185 ῑυουαι
395 4139 430 4202 p.
448 4123 505 4180 10²
522 4118 567 4182 ed.
588 4119 702 4189 Maeli:
727 4116 912 4199 Honoratior
926 4116 1035 4199 bion,
1049 4132 1120 4198 onor
1135 4119 1165 4174 ol
