2550 4574
400 242 404 250 ¹
438 276 596 328 nr‘oocrs
616 252 807 354 narratoris
1063 284 1164 335 cxcrx

63 451 96 510 p.
109 433 162 507 93,
184 435 219 490 13
238 429 385 508 legendum
403 439 462 490 est:
480 435 605 491 necessus
629 429 724 491 bouem
746 430 925 509 immlubaat
941 433 1051 495 Eleusa.
1072 416 1171 495 ‘Nam

65 527 193 584 Aternus
211 524 311 581 fluuius
329 523 457 582 Muelleri
476 527 568 584 nescio
594 523 733 603 quomado
759 524 884 604 displicet
907 534 937 584 et
955 525 1062 586 codices
1080 529 1164 606 plane

67 616 273 677 eodemmodo
297 615 458 692 discedunt,
483 624 515 675 ut
533 615 666 676 Ouidiani
691 625 809 697 unoque
833 619 861 677 io
886 617 967 692 loco,
994 633 1110 697 quorum
1133 621 1162 678 in
1260 658 1265 675 .

63 712 154 790 priori
172 729 229 769 non
245 708 370 769 dubitaui
382 709 487 768 Heinsii
505 710 689 770 coniecturam
711 719 933 790 repraesentares
953 710 1069 788 quodsi
1087 720 1164 771 recte

38 810 40 814 ’
64 803 142 879 feci,
160 803 254 862 licebit
273 803 456 863 coniecturam
475 822 532 861 non
551 804 726 862 certissimam
744 806 908 883 concipere,
932 804 1080 878 siminus,
1105 821 1161 862 non

63 898 185 956 multum
204 897 325 966 interest,
345 897 381 966 in
393 894 520 955 tenebras
540 898 631 955 omnia
650 897 858 957 abstrudantur.
895 897 1030 956 Nimirum
1050 894 1162 974 quando

65 990 188 1050 Ouidius
213 990 287 1046 hunc
312 990 402 1046 locum
428 990 586 1066 religiosum
612 989 800 1067 suburbanum
824 990 859 1049 ad
885 1009 1025 1050 excessum
1051 989 1079 1046 T
1081 989 1161 1047 iberis

63 1084 146 1146 fluuii
165 1101 206 1142 er
222 1084 291 1140 urbe
314 1083 422 1161 scripsit
440 1080 510 1141 libro
527 1082 668 1156 secundo,
694 1101 729 1140 ex
747 1083 817 1141 libro
835 1094 913 1148 sexto
932 1082 1014 1143 credo
1033 1082 1161 1160 cognosci

64 1195 125 1235 noo
143 1193 205 1234 esse
227 1173 432 1250 intelligendam
456 1175 594 1253 regionem
621 1175 729 1234 tertiam
754 1175 887 1235 decimam
905 1176 1003 1234 montis
1022 1175 1161 1246 Auentini,

63 1268 282 1333 uti=existimaot
300 1267 466 1345 topographi
484 1277 548 1346 post
565 1266 747 1343 Panuinium,
774 1267 824 1326 sed
843 1267 995 1346 proximam
1014 1267 1160 1327 transtibe-

62 1363 165 1420 rinam.
204 1360 278 1418 Nam
297 1377 360 1417 cum
378 1359 487 1420 fabulas
513 1359 549 1418 de
567 1360 661 1419 Carra
680 1371 710 1420 et
729 1360 838 1420 Cordea
856 1360 996 1436 ingeniose
1013 1359 1159 1416 concinna·

63 1455 138 1513 uemt
157 1462 258 1532 poeta,
277 1469 315 1511 ne
332 1451 489 1511 confudisse
507 1451 615 1528 dicam,
634 1455 748 1515 Helerni
767 1453 870 1512 mentio
888 1450 1034 1514 manifesto
1052 1459 1161 1528 spectat
1242 1517 1246 1535 ι

62 1545 100 1605 ad
122 1549 181 1604 eins
201 1545 270 1605 deae
289 1563 351 1602 oum
371 1545 436 1602 lano
456 1545 696 1621 necessitudinem,
714 1540 796 1626 quem
816 1565 880 1610 cum
899 1544 1035 1605 habitasse
1053 1543 1159 1602 laniem

60 1639 122 1698 lum
140 1637 216 1695 fama
234 1645 318 1710 esset,
338 1634 419 1692 huius
437 1637 537 1695 montis
555 1655 640 1715 rupes
658 1647 688 1696 et
706 1639 845 1698 anfractus
859 1656 960 1708 nomen
976 1637 1103 1699 Crenaee
1116 1637 1159 1693 in-

61 1731 166 1789 didisse
177 1729 316 1808 nymphae
326 1728 407 1786 finxit
424 1738 517 1806 poeta.
552 1729 593 1786 Ae
608 1729 668 1789 fieri
681 1733 782 1810 potuit,
800 1744 831 1795 ut
841 1732 991 1798 Habebam
1008 1731 1044 1789 ab
1063 1729 1159 1798 berna,

61 1842 135 1904 rupe
154 1823 254 1881 dictum
274 1840 335 1882 esse
352 1822 485 1880 scriberet
503 1829 551 1880 aut
571 1822 672 1899 Varro,
691 1823 836 1885 antelios.

139 1917 184 1974 De
201 1924 333 1993 portae
353 1913 601 1973 Carmentalis
625 1915 756 1993 religione
774 1921 805 1992 2,
819 1920 875 1981 201
894 1916 1048 1979 conciliauit
1073 1922 1159 1993 poeta

62 2009 238 2069 diuersorum
258 2016 402 2066 aucturum
420 2005 537 2078 iudicia,
555 2025 628 2085 quae
646 2007 802 2069 iudicantur
820 2008 895 2088 apud
913 2010 1028 2069 Festum
1046 2026 1075 2089 p.
1089 2009 1158 2082 334,

61 2109 80 2162 3
99 2103 152 2161 sin.
174 2101 281 2160 uerbiss
301 2099 458 2178 appellatur
475 2099 683 2176 u‘qssibcsdum.
720 2100 789 2160 aliu
807 2102 879 2165 enim
898 2102 993 2178 religio
1011 2099 1066 2159 luit
1085 2101 1159 2160 circa

60 2205 150 2256 totam
171 2193 374 2252 Carmentalem
392 2204 502 2271 portam
524 2203 553 2251 et
572 2191 704 2269 templum
722 2192 794 2267 lani,
812 2191 888 2271 quod
907 2202 968 2251 erat
987 2202 1064 2253 extra
1084 2209 1159 2266 eam,

60 2298 133 2350 teste
152 2287 230 2346 Fest.
249 2307 279 2364 p.
290 2285 470 2360 285‚5sin.;
497 2286 557 2343 aliis
581 2285 654 2342 cirea
672 2282 799 2347 dextrum
824 2293 932 2343 tantum
951 2293 1050 2362 portae
1067 2283 1157 2345 forni-

59 2403 133 2457 cem,
153 2399 235 2459 quem
254 2382 282 2437 io
302 2379 414 2437 modum
433 2378 529 2435 Liuius
548 2382 578 2450 2,
594 2379 647 2435 492
666 2374 776 2449 infelici
793 2378 843 2438 uia
861 2375 958 2436 δοσινο
976 2379 1045 2435 iaco
1060 2383 1158 2453 portae

62 2474 252 2536 commeatts
269 2471 384 2551 profecti
403 2506 458 2530 -.
487 2461 631 2528 Disticboo
649 2467 725 2546 quod
743 2479 786 2528 est
804 2471 832 2527 in
852 2470 971 2547 uolgatis
991 2469 1155 2547 exemplari.

60 2571 113 2628 hus
127 2571 196 2642 203,
211 2568 270 2629 294
287 2567 387 2650 partim
403 2582 439 2622 ex
452 2563 541 2621 Paulo
553 2562 681 2620 Diacono
694 2561 829 2639 officum,
847 2564 948 2641 partim
967 2562 1092 2640 ineptum,
1103 2570 1155 2635 est,

60 2671 150 2722 totum
175 2677 243 2718 uero
270 2661 305 2717 ab
330 2657 428 2717 eximio
454 2655 548 2714 codice
566 2653 712 2715 Parisiensi
735 2662 765 2714 et
790 2655 957 2731 quibusdam
978 2656 1042 2717 aliis
1060 2656 1156 2714 abesse

61 2754 149 2814 uides.
194 2753 239 2810 De
265 2754 319 2811 situ
344 2758 444 2829 portae
469 2749 652 2808 Carmentalis
678 2746 766 2810 adibis
789 2745 990 2816 Niebubrium
1010 2748 1039 2806 h
1059 2748 1097 2808 R.
1123 2750 1155 2821 2,

59 2853 174 2927 ρ.222,
194 2864 258 2905 ann.
273 2846 341 2920 444,
362 2843 407 2902 uel
421 2843 545 2902 Bunsen.
566 2841 656 2903 deser
671 2840 740 2905 Vrb.
759 2848 800 2900 to.
810 2846 845 2966 1,
863 2858 894 2921 p
902 2841 970 2916 629,
989 2848 1027 2899 to.
1037 2843 1068 2914 3,
1085 2845 1154 2898 sect.
1180 2902 1183 2906 ,

60 2948 91 3018 2,
131 2944 201 3000 ,22

108 2961 201 3092 pne·
198 3031 400 3108 Lupercali
418 3037 448 3106 2,
463 3032 520 3089 379
547 3039 576 3089 et
599 3029 635 3087 de
659 3028 737 3089 fico
755 3026 937 3090 Ruminali
957 3043 986 3085 u.
1000 3026 1058 3085 410
1074 3021 1156 3082 simul

61 3125 198 3204 agendum
223 3133 274 3183 est.
311 3111 386 3182 Nam
412 3124 509 3182 eodem
534 3123 597 3182 loeo
621 3121 740 3181 fuisse
731 3142 759 3180 ru
778 3119 906 3179 Palatino
925 3124 1019 3176 monte
1038 3124 1157 3175 testatur

60 3220 208 3295 Dionysius
235 3217 497 3292 Halicarnassensis3
532 3215 569 3274 de
586 3215 734 3294 Lupercali
753 3213 799 3271 his
815 3211 941 3319 uerbis31
944 3210 1018 3285 79,
1035 3228 1065 3288 p
1080 3195 1155 3270 2032

61 3307 174 3389 ἐλέγετο
203 3305 238 3368 δε
263 3302 374 3378 Havdc
401 3299 536 3369 sicus
502 3327 536 3366 το
562 3299 659 3417 νάπος
685 3301 736 3367 scal
760 3295 869 3380 βωμδς
893 3321 933 3378 ην
958 3291 1073 3361 αὐτόθι
1099 3298 1154 3360 τοῦ

60 3403 212 3463 dach·-
174 3395 266 3460 -τδ
286 3397 344 3477 μὲν
363 3387 417 3460 οὖν
436 3394 530 3470 ἄλσος
550 3393 604 3458 osia
623 3392 667 3458 ἔτι
687 3393 839 3474 διαμένει,
859 3389 894 3454 sd
916 3388 991 3453 δὲ
971 3413 1098 3472 αντρον,
1122 3388 1155 3464 ἐξ

60 3482 95 3557 αν
113 3488 134 3574 ἦ
154 3487 246 3572 λιβὰς
266 3490 430 3571 ἐκδίδοται,
449 3493 493 3576 τῷ
511 3488 681 3572 Παλαντίῳ
701 3483 1017 3572 προσῳκοδομημένον
1037 3481 1155 3545 delass-

59 3606 108 3649 τοι
129 3582 210 3649 κατὰ
228 3583 284 3663 τὴν
310 3582 412 3648 lut
378 3607 431 3648 τον
450 3552 643 3667 iduddpapor
667 3579 823 3665 φέρουσαν
844 3574 936 3658 δδόν,
960 3584 1069 3660 quicum
1087 3598 1155 3637 con

57 3683 131 3755 lares
151 3683 215 3744 Liu.
239 3681 315 3757 1‚5=
343 3685 408 3741 lum
430 3689 491 3744 ῐανν
515 3682 545 3741 ia
567 3681 701 3740 Palatino
723 3685 813 3740 moute
831 3676 971 3754 Lapereul
993 3675 1044 3733 boc
1066 3671 1155 3749 fresa

57 3775 195 3836 adamae
212 3774 320 3849 fescan
340 3774 376 3833 de
392 3775 444 3833 fico
458 3775 599 3834 Ruminali
618 3783 710 3832 autem
730 3773 783 3847 his,
803 3790 875 3850 quae
893 3768 1017 3848 proxime
1033 3784 1155 3842 sequon·
1175 3763 1176 3767 ’

57 3876 119 3929 trus
139 3886 190 3927 και
181 3858 366 3943 τέμενόςὲ
368 3883 414 3937 ςιν
429 3861 523 3926 αὐτοῦ
544 3861 685 3944 πλησίον,
704 3852 782 3924 ἔνθα
803 3859 888 3925 εἰκὼν
905 3864 1001 3920 νεῖται
1019 3857 1074 3916 τοῦ
1094 3848 1155 3918 nd-

55 3959 151 4034 θοος,
165 3951 296 4019 λύκαινα
311 3956 444 4029 παιδίοις
459 3957 528 4020 δνσὶ
541 3953 613 4028 τοὺς
625 3953 742 4034 μαςοδς
759 3952 922 4033 ἐπέχουσα,
935 3945 1053 4029 χάλκεοι
1065 3943 1155 4026 ποσή·
1247 4032 1249 4036 5

53 4071 148 4130 μαῖα
166 4051 302 4122 hadulfi?
322 4047 475 4133 lunaelac
514 4054 640 4115 Reiskius
666 4053 738 4114 haec
762 4053 855 4112 omnia
871 4045 1059 4130 typographos
1077 4043 1154 4104 iussit

56 4165 112 4223 7)ῐο
140 4145 232 4204 uerbis
259 4147 340 4206 Fabii
366 4147 483 4207 Pictoris
510 4148 688 4226 exprimeres·
706 4162 801 4204 eorum
826 4144 995 4204 uncioloruoa
1021 4135 1154 4198 beneficio
