2550 4574
120 268 122 272 ·
148 224 280 304 cnsxrs
613 254 657 300 oc
678 242 787 302 escars
902 322 904 327 Ι

145 402 230 467 ttsrc
248 420 295 464 res
312 418 390 463 sana
407 399 509 481 fiebat,
527 402 598 482 onia
615 421 650 464 eo
668 403 714 464 die
732 422 794 465 eam
812 403 935 482 neum
954 404 1109 485 Διιςιιιίιιε,
1131 426 1159 467 ιι.
1174 406 1246 486 425,

38 552 41 561 ,
144 492 200 559 boc
226 508 268 558 est
292 498 350 556 eins
374 490 468 556 coram
485 497 654 576 susceperit,
680 498 732 555 cir.
751 501 781 573 6,
799 499 868 573 449,
887 515 961 558 anno
981 497 1021 559 V.
1040 501 1075 560 C.
1094 502 1165 577 741,
1185 501 1245 561 uid.

145 592 228 652 Dion.
243 592 322 650 Cass.
342 590 391 666 54,
404 594 458 667 27,
479 592 587 666 55,12.
626 589 736 651 Maluit
755 592 822 650 nero
840 591 868 649 id
888 584 1115 669 manusnotat,
1134 614 1163 652 n.
1174 596 1245 671 419,

144 702 229 765 qnam
247 684 413 743 locutionem
431 701 579 762 perperam
598 692 741 763 acceptam
759 685 795 743 ab
814 685 929 745 Heinsio
948 688 1059 747 memini
1077 690 1208 766 usurpari
1227 676 1261 750 α’

144 777 259 856 Virgilio
283 778 353 835 Aeo.
377 779 408 851 8,
426 779 484 834 322
508 785 537 836 et
560 777 690 835 illustrari
715 795 733 836 a
758 775 889 854 Tbeopln.
911 777 1076 858 Kiesslingio
1102 781 1245 840 carissimo

8 894 18 955 ,-
59 860 62 867 ’
90 949 91 953 ¹
143 878 326 951 praeceptore
343 862 407 929 meo
426 869 463 928 ad
480 872 572 929 nescio
591 886 674 948 quern
693 869 786 929 Taciti
803 868 912 939 locum,
939 871 1004 948 qnia
1022 872 1182 956 designatus
1201 883 1245 934 est

144 964 351 1043 cumprimum
369 980 387 1021 a
404 963 480 1021 Dino
499 962 568 1021 lulio
588 962 769 1039 adoptaretur
787 978 861 1019 anno
880 961 917 1025 V.
933 964 968 1022 C.
987 967 1056 1039 710,
1081 964 1138 1024 nid.
1156 966 1243 1026 Dion.

142 1058 194 1133 44,
209 1062 244 1117 tic
271 1056 347 1136 qnod
366 1074 440 1115 anno
459 1055 495 1115 V.
516 1055 550 1114 C.
569 1058 627 1115 718
645 1055 753 1135 Lepido
778 1055 928 1116 succedere
950 1058 1039 1116 noluit
1061 1067 1134 1118 teste
1152 1059 1244 1120 Dione

143 1151 194 1226 49,
211 1149 258 1220 15,
274 1147 304 1225 id
323 1148 381 1208 buc
397 1168 452 1209 non
472 1149 603 1227 pertinet.
639 1147 824 1209 ln‘Vediouis
842 1148 917 1208 feriis
937 1150 1243 1228 Noctilucam

142 1262 188 1323 sq.
209 1242 285 1302 nulla
304 1251 347 1303 est
365 1240 441 1322 apud
461 1240 592 1302 Ouidium
611 1243 714 1301 mentio
738 1240 851 1301 bomani
868 1243 1009 1320 sacrificii,
1035 1243 1071 1303 de
1089 1264 1146 1325 qno
1166 1247 1243 1311 Gen.

142 1337 293 1411 5,12,12.
320 1335 365 1395 De
383 1334 474 1394 uerbis
494 1344 596 1414 poetae
613 1335 680 1393 nihil
698 1343 751 1410 est,
770 1334 847 1413 quod
866 1353 1004 1412 moneam,
1023 1349 1241 1418 praeterquam

142 1428 180 1489 de
199 1447 283 1488 uersu
299 1428 367 1489 445.
405 1428 497 1488 Possit
515 1428 543 1486 io
568 1437 689 1487 mentem
713 1430 809 1486 uenire
832 1429 997 1507 legendum:
1022 1431 1107 1505 forro
1118 1431 1239 1507 colonia

142 1521 292 1581 secundum
305 1521 458 1582 Varronem
471 1521 507 1581 de
520 1522 540 1580 l.
553 1521 574 1580 l.
585 1520 617 1597 5,
632 1527 684 1580 21ι
703 1520 747 1580 At
759 1539 790 1580 oo
809 1521 912 1580 colonis
930 1522 1008 1583 locu
1025 1528 1174 1584 ωιιιιιιιιιιίι
1184 1556 1238 1584 -.

140 1614 215 1675 Nam
233 1614 360 1697 profecto
379 1636 429 1675 cnr
447 1615 558 1675 colom
574 1615 674 1692 magis,
692 1633 775 1693 quam
790 1615 843 1673 uiti
854 1632 953 1699 eornm
973 1634 1008 1675 ea
1027 1635 1096 1677 uoce
1114 1628 1240 1695 utamur,

140 1728 197 1770 non
212 1708 311 1769 uideo:
330 1728 382 1768 nec
399 1708 429 1767 id
442 1727 560 1768 nouasse
577 1708 719 1766 librarium
732 1709 877 1787 probabile
895 1719 949 1784 est,
969 1697 1019 1768 nisi
1038 1720 1155 1790 propter
1166 1713 1240 1772 mule

140 1813 287 1883 acceptum
305 1805 458 1883 scripturae
478 1801 681 1880 compendium,
700 1804 777 1861 cuius
793 1794 959 1861 uetustatem
977 1804 1112 1883 intelliges
1124 1807 1147 1865 si
1159 1807 1239 1865 enol-

142 1897 216 1957 neris
233 1899 264 1972 4,
278 1896 335 1961 405
359 1914 431 1974 qnae
458 1896 599 1955 annotani.
644 1895 702 1954 Sed
728 1905 821 1954 tamen
848 1914 904 1954 non
930 1904 973 1955 est
995 1897 1059 1956 ideo
1083 1901 1239 1963 neoemria

141 1989 320 2069 urendarto,
334 1988 410 2068 quod
428 2008 539 2048 uesano
559 1989 595 2048 ad
615 1989 728 2048 colonos
746 2008 802 2049 non
822 1991 974 2068 pertineats
1001 1992 1167 2051 uocabulum
1187 1992 1239 2053 de·

140 2084 250 2144 adetum
269 2074 332 2143 erat
350 2081 456 2161 Virgilii
481 2092 510 2142 et
532 2081 626 2143 Ouidii
650 2091 759 2158 aetate,
782 2083 839 2143 uid.
859 2083 980 2162 Philarg.
1000 2085 1036 2143 ad
1055 2104 1102 2163 ge.
1121 2086 1237 2163 3‚175,

140 2197 225 2237 noces
244 2178 407 2238 uetustiores
425 2178 520 2236 rustici
539 2176 728 2249 retinuerunt,
748 2185 819 2234 teste
836 2176 936 2236 Scinio
955 2177 991 2236 ad
1010 2196 1054 2255 ge.
1076 2184 1239 2255 1,120,·ut

139 2270 206 2329 mibi
225 2271 370 2330 annotauis
391 2289 447 2328 non
467 2269 575 2348 reperio
594 2267 622 2325 id
644 2268 720 2346 apud
731 2270 932 2345 Burmannum,
949 2271 1008 2328 sine
1026 2273 1117 2330 errasti
1135 2273 1164 2330 in
1184 2293 1238 2331 nn·

139 2383 228 2439 mero,
247 2367 307 2422 siue
326 2364 402 2442 apud
420 2364 603 2423 recentiorem
620 2360 753 2419 editorem
769 2373 856 2438 extat,
875 2383 931 2442 quo
951 2373 1017 2421 tnnc
1029 2364 1138 2423 utebar.
1169 2365 1238 2424 Post

139 2457 256 2535 Equiria
274 2458 373 2532 altera,
393 2477 511 2536 quornm
531 2457 646 2515 interior
664 2456 784 2532 cognitio
800 2475 890 2535 aeque
909 2475 943 2515 ac
961 2459 1085 2535 priorum
1102 2457 1238 2535 impedita

139 2560 193 2626 est,
211 2559 365 2628 sequuntur
382 2550 469 2610 seriae
488 2553 584 2610 Annae
598 2550 744 2608 Perennae
761 2540 826 2608 inde
845 2568 862 2608 a
880 2571 909 2608 n.
919 2551 1000 2631 52371
1025 2550 1148 2608 Reticuit
1165 2548 1237 2609 Oui·

138 2643 201 2703 dius
219 2654 327 2722 partem
343 2663 449 2713 eornm,
468 2662 541 2722 quae
554 2643 711 2702 Macrobius
723 2648 752 2715 l,
770 2647 806 2699 12
819 2661 849 2721 p.
860 2647 914 2701 169
934 2653 963 2702 et
981 2652 1069 2701 totum
1089 2642 1165 2720 qnod
1176 2641 1237 2718 Ly·

138 2738 190 2797 dus
209 2740 239 2813 4,
248 2739 297 2812 36,
317 2757 346 2816 p.
357 2738 412 2796 195
432 2737 563 2812 tradunt,
589 2738 635 2795 ille
655 2735 697 2793 his
715 2737 826 2795 uerbiss
856 2737 960 2795 Eodem
978 2754 1082 2813 propte
1100 2754 1189 2794 mense
1206 2743 1237 2794 et

135 2831 241 2912 potitos
258 2838 286 2890 st
302 2836 449 2911 priuatim*
460 2831 498 2891 ud
516 2833 631 2890 Assumo
649 2834 804 2888 Pereooom
823 2827 1013 2903 socdlicotuos
1029 2832 1103 2899 itur,
1128 2836 1161 2888 ut
1178 2848 1235 2888 oo-

136 2945 205 2986 oors
221 2934 249 2986 et
265 2945 415 3004 permacra
433 2924 569 2985 commoda
587 2923 683 2993 licent,
708 2922 753 2981 nic
775 2922 838 2980 loco
862 2923 901 2980 ita
919 2922 1158 3002 interpungendoz
1176 2942 1235 2999 με·

135 3015 296 3098 enpurias.
321 3016 373 3079 καὶ
396 3011 482 3095 εὐχαὶ
509 3009 656 3094 δημόσιαι
679 3005 757 3093 tinio
782 3015 837 3074 τοῦ
862 3006 991 3094 ὑγιεινὸν
1014 3010 1160 3094 γενέσθαι
1179 3012 1234 3076 τὸν

57 3164 60 3169 ,
136 3107 287 3191 ἐνιαυτόν,
305 3116 430 3193 proxima
448 3114 521 3172 eninr
542 3112 634 3191 neque
649 3130 715 3168 num
728 3111 783 3168 huc
796 3111 964 3190 pertineant,
985 3128 1074 3188 neque
1092 3110 1234 3189 quomodo

135 3209 308 3268 emendanda
326 3211 398 3283 sint,
416 3207 506 3266 habeo
525 3204 627 3263 dicere.
666 3205 800 3282 Reliquas
820 3213 912 3263 tamen
933 3205 1093 3263 cerimonias
1112 3206 1234 3282 diligen-

135 3312 179 3362 ter
205 3314 234 3361 et
260 3302 405 3380 genialiter
423 3299 540 3358 Ouidius
564 3308 684 3357 enarrat.
730 3299 835 3357 Locum
860 3299 985 3376 designat
1003 3317 1031 3354 u.
1047 3297 1124 3371 525,
1149 3316 1233 3380 quem

133 3397 252 3456 strictius
275 3395 369 3453 definit
392 3395 463 3473 lapis
484 3392 653 3454 Vaticanus:
678 3396 730 3452 oie
750 3393 890 3453 mostata
906 3391 947 3450 ud
965 3388 1084 3468 lapidem
1101 3393 1230 3468 primum,

134 3499 163 3549 et
180 3488 344 3568 pomiferum
362 3506 458 3546 stemus
475 3488 599 3565 appellat
616 3487 749 3545 Martialis
768 3489 859 3560 aot,
873 3489 920 3544 17.
958 3486 1037 3542 Haec
1054 3485 1114 3562 ipsa
1130 3484 1230 3561 appel-

131 3583 198 3641 latio
218 3582 308 3639 cnltus
322 3580 408 3638 ciuilis
426 3581 561 3658 potissimi
579 3579 709 3639 indicium
728 3580 821 3649 babet,
840 3582 939 3656 inquo
959 3578 1043 3655 plane
1060 3576 1126 3634 nihil
1145 3575 1230 3633 uideo

130 3675 207 3755 qnod
226 3674 366 3733 Clausenii
386 3673 547 3750 ambagibus
573 3673 610 3732 de
635 3693 727 3753 aquae
751 3673 884 3751 mysteriis
904 3671 1101 3750 patrocinetur.
1140 3670 1231 3727 Scali-

130 3787 181 3848 ger
204 3769 235 3827 in
262 3766 440 3826 annotatione
464 3764 502 3822 od
519 3766 634 3824 Festum
657 3769 776 3844 primum
800 3775 864 3845 post
889 3767 981 3843 ipsum
995 3772 1112 3841 'poetam
1131 3782 1160 3819 n.
1172 3763 1231 3821 654

46 3885 49 3890 ·
129 3880 192 3922 eam
209 3860 443 3940 interpretationis
459 3859 531 3916 niam
550 3861 694 3918 institerat.
724 3861 770 3919 Re
785 3877 851 3916 nera
869 3867 988 3934 utraque
1008 3855 1083 3934 apud
1096 3853 1229 3912 Ouidium

126 3954 223 4015 fabulo
247 3974 275 4013 n.
290 3952 456 4012 545-655
476 3963 505 4010 et
527 3971 556 4012 u.
570 3955 734 4011 oto-ott
759 3952 888 4011 subdialis
911 3950 1074 4029 plebeculae
1099 3948 1229 4004 commis·

125 4050 197 4107 satio
215 4048 357 4108 astruitur.
393 4049 586 4106 Vesumturio
597 4049 684 4123 opos,
703 4046 793 4123 inquit
812 4064 840 4102 u.
852 4044 919 4115 655,
939 4048 978 4102 nt
991 4041 1126 4101 maaet
1145 4039 1226 4114 burgo

122 4150 201 4221 teque
216 4140 339 4230 duroque
355 4159 444 4202 meros
467 4142 507 4202 ita
526 4140 617 4218 enim,
636 4141 700 4219 nel,
723 4157 834 4217 remoue
851 4136 990 4216 dicoque,
1018 4132 1224 4217 emendandum
