2550 4574
139 252 243 302 ouva
525 254 569 302 na
590 256 729 304 tantave
751 257 865 307 1101113

136 411 194 487 les,
211 407 346 470 Varronis
363 404 438 469 661.
457 403 476 468 Ι.
496 405 527 483 6,
548 405 620 469 aaa:
649 408 817 470 8666666666
837 427 928 490 supro
950 416 1167 488 promontoria,
1190 416 1238 479 sii

136 504 216 566 66616
237 496 403 564 cosmam
423 508 451 559 o
468 499 586 562 basilios
604 504 734 581 Opimio:
761 506 921 565 maulam
938 515 1070 567 uoouaaa
1086 509 1136 568 uas
1152 529 1238 571 seau-

134 606 194 674 166,
207 605 258 657 sat
272 594 323 655 ulsi-
334 598 454 655 asaiam
466 598 653 671 ommni,
666 595 751 677 ¹Festi
763 617 793 676 p.
803 599 858 657 163
868 599 944 658 Vrsa
962 603 1105 663 66666616
1118 608 1178 664 irio
1187 641 1235 679 -,

134 711 222 754 asum
234 690 285 750 'arii
301 696 376 749 6666
394 698 436 749 est
460 689 538 750 aedis
559 689 727 751 6666666166
749 693 821 750 iuter
842 693 1008 772 capitolinus
1025 697 1184 774 61166166,
1206 703 1236 759 is

133 806 190 867 qm
206 785 330 846 solebam
347 786 529 859 appareatur
549 802 611 843 oum
628 782 780 843 moiorlius
799 783 961 863 6611666666,
979 788 1055 849 Liuii
1069 792 1120 866 41,
1133 795 1191 852 276
1209 801 1237 852 at

132 882 268 960 potarum
286 875 320 935 61
339 875 405 934 aude
423 879 543 935 6616661
563 880 595 936 ia
615 877 782 955 Capitolium
806 878 844 938 od
861 880 1021 941 6666661166
1042 891 1070 942 st
1092 904 1184 963 supro
1207 886 1236 946 id

132 974 251 1045 sesima,
272 968 417 1045 Augustini
435 967 472 1026 da
489 988 516 1032 6.
534 968 563 1029 6.
584 974 612 1041 3,
625 972 679 1030 266
707 971 839 1048 6166666
856 991 925 1031 anus
942 978 1183 1039 maturaretur
1203 1000 1235 1040 66

131 1070 194 1147 ipso
210 1066 279 1134 1666,
297 1063 347 1122 aii
363 1063 495 1138 66616666
511 1064 647 1123 madata
660 1064 707 1124 ills
722 1069 882 1125 6661666666
892 1072 947 1143 sat,
966 1067 1016 1127 sil
1032 1074 1167 1131 16661666
1185 1090 1236 1131 or-

132 1156 539 1235 mammaemammal,
563 1156 931 1234 mammaeam
955 1168 1007 1222 aa.
1044 1163 1234 1226 nassau

132 1254 158 1314 sl
176 1250 331 1312 defendam
350 1253 481 1311 senanulo
500 1253 662 1330 intelligitur
679 1271 713 1311 aa
728 1254 926 1331 Varronianus,
946 1272 1019 1334 qnae
1033 1257 1163 1319 Musliari
1181 1261 1234 1319 uiri

37 1424 40 1429 .
131 1349 172 1407 lll.
188 1345 324 1406 sententia
342 1354 386 1403 est
402 1345 431 1403 io
450 1348 587 1405 annotatis
607 1345 644 1405 ad
662 1346 777 1405 Festum
796 1367 826 1425 p.
839 1350 907 1423 346,
927 1366 1041 1410 neeesse
1054 1360 1104 1410 -est
1122 1352 1233 1412 basilien

131 1440 246 1522 Opimia
260 1448 289 1499 et
304 1440 483 1517 graesodasis
504 1448 535 1498 et
551 1439 628 1499 ouria
640 1441 757 1499 Hostilia
778 1443 814 1498 ab
833 1458 867 1500 66
887 1442 963 1516 1666,
981 1461 1038 1521 qno
1051 1444 1145 1522 'posita
1161 1456 1232 1504 sunt

131 1534 163 1595 in
183 1535 307 1619 eleganti
334 1534 429 1621 taiula
448 1532 626 1591 Bursenlana
652 1535 833 1611 commigrent
855 1535 907 1593 sub
932 1536 1023 1614 ipsum
1050 1538 1230 1617 Capitolium,

131 1636 218 1708 prout
228 1627 348 1686 Volcani
367 1644 461 1687 aream
480 1626 598 1686 oolloost
611 1627 695 1685 Dion.
712 1623 775 1686 Hal.
790 1633 820 1703 2,
828 1627 876 1689 60.
905 1628 1008 1687 Nescio
1022 1631 1232 1689 6666666116-

129 1723 206 1781 silion
224 1721 326 1780 Porcia
343 1720 435 1779 loram
454 1722 491 1779 sit
506 1728 667 1795 mutatura,
693 1720 830 1798 siquidem
851 1739 887 1781 ea
904 1723 933 1781 in
955 1722 1093 1783 lautomia
1111 1734 1140 1783 at
1158 1725 1231 1783 atrio

128 1814 241 1875 Maenio
260 1824 386 1874 61166616
402 1814 467 1889 fnit,
487 1813 552 1871 Liu.
564 1816 616 1888 39,
629 1815 679 1889 41,
698 1814 843 1875 lautumias
863 1835 932 1875 uero
948 1816 1040 1876 Varro
1058 1817 1089 1891 6,
1104 1816 1159 1875 161
1177 1817 1230 1875 sab

128 1908 278 1988 Capitolio,
296 1908 520 1988 partem²d0mns
532 1906 697 1965 Maeuianae
714 1908 775 1984 ipse
795 1909 838 1966 air
855 1910 894 1967 ill.
906 1926 938 1989 p.
946 1914 1005 1967 232
1021 1909 1124 1971 ibidem
1138 1910 1238 1989 ponit.-

127 2001 275 2079 Conoidet,
286 2004 347 2060 'nui
364 2002 463 2077 fallor,
482 2001 601 2059 maxima
620 2018 685 2079 pars
705 2001 846 2080 utriusque
864 2003 920 2061 fori
937 2003 1057 2063 11616661
1075 2012 1106 2063 et
1124 2004 1230 2063 Caesa·

127 2098 166 2156 ris
186 2115 203 2156 a
223 2097 283 2155 niro
301 2097 450 2175 perillustri
469 2096 603 2154 exornati.
639 2094 685 2151 Ea·
701 2094 780 2151 ruina
798 2096 838 2153 ita
857 2106 1067 2172 auerrunoatur,
1082 2096 1111 2154 'si
1122 2095 1230 2155 Varro·

21 2170 24 2181 Ι
126 2192 169 2251 nis
188 2191 276 2250 uerba
295 2190 450 2250 redduntur
467 2190 509 2248 uti
524 2189 594 2249 ierit
612 2208 642 2267 p.
652 2190 726 2246 236:
744 2190 799 2245 Aa
817 2188 914 2248 (166666
932 2188 965 2248 da
982 2189 1015 2249 lo
1030 2190 1188 2265 9616661666
1206 2189 1231 2248 il

123 2302 181 2358 po
199 2283 225 2340 16
244 2284 404 2343 aloooulum
427 2289 463 2344 ola
485 2283 680 2344 6616666616
703 2280 801 2359 toasplo
824 2282 859 2340 ds
881 2283 913 2343 lu
935 2281 1153 2356 Goaoordmfolt
1174 2300 1231 2360 por

126 2378 255 2457 Opanasa
271 2382 299 2435 a
317 2377 347 2437 lo
365 2378 497 2459 busilique
514 2381 636 2456 Opimia
656 2374 757 2434 deinde
775 2375 799 2432 si
816 2376 928 2453 Festus,
946 2378 991 2437 uel
1010 2377 1094 2435 etiam
1112 2376 1229 2435 Verrius

124 2470 226 2531 erroris
245 2470 282 2528 de
301 2469 371 2529 aede
391 2471 549 2548 Capitolina
567 2481 597 2531 et
616 2469 764 2549 Opimiano
782 2470 974 2546 insimulatur,
998 2469 1071 2528 Liuii
1096 2487 1165 2528 uero
1184 2469 1229 2529 lo·

125 2560 247 2623 casalia
267 2562 350 2621 modo
370 2563 501 2628 eluditur.
545 2566 579 2624 ln
601 2572 681 2622 tanto
708 2562 862 2621 discrimine
884 2582 945 2623 non
970 2564 1057 2621 ausim
1086 2562 1229 2622 affirmare

124 2656 271 2736 Augustini
296 2656 454 2735 opinionem
480 2676 515 2716 ex
539 2657 673 2717 Varronis
703 2673 795 2714 renum
821 2656 975 2715 diuinarum
1003 2657 1078 2714 libris
1103 2655 1227 2715 fluxisse.

122 2751 206 2821 Quos
219 2752 347 2829 quamuis
365 2768 421 2809 non
436 2751 558 2828 segniter
576 2749 747 2828 peauoloisse
763 2748 901 2826 uideatur,
920 2759 950 2807 et
963 2750 1090 2828 quamuis
1107 2766 1141 2808 aa
1158 2766 1228 2808 uera

122 2844 222 2906 seditio
242 2845 408 2903 Gracchana
426 2846 455 2903 in
474 2844 613 2922 Capitulio
632 2843 774 2917 exarserit,
794 2842 851 2900 uid.
865 2844 939 2923 App.
956 2848 985 2919 1,
1001 2846 1049 2918 26,
1068 2850 1163 2922 potest
1180 2851 1227 2901 ta·

121 2956 187 3000 men
206 2946 235 2997 et
252 2939 314 3016 ipse
332 2936 511 3016 Opimianarn
529 2947 559 2997 et
576 2937 756 2996 Tiberianam
777 2936 876 2996 aedem
897 2935 1086 2995 confudisse·

199 3033 387 3092 Castorum
406 3031 575 3110 templum
594 3033 623 3090 in
636 3031 787 3108 Regillensi
805 3046 900 3108 pugna
919 3030 955 3087 ab
970 3032 1004 3087 A.
1015 3028 1158 3087 Postumio
1173 3048 1226 3088 no·

121 3135 199 3204 tum,
231 3127 344 3187 biennio
370 3133 436 3202 post
459 3124 615 3183 dedicatam
641 3134 736 3182 narrat
759 3124 822 3183 Liu.
847 3130 879 3199 2,
897 3124 946 3182 42.
991 3122 1170 3201 8666161666
1194 3122 1225 3183 id

121 3221 256 3300 templum
275 3238 349 3279 anno
368 3218 404 3277 V.
419 3218 453 3276 C.
470 3221 529 3278 747
546 3219 694 3295 Dionysius
713 3217 803 3276 Halia.
822 3220 904 3289 6,13
923 3215 1035 3275 uidetur
1053 3217 1159 3286 testam,
1177 3232 1225 3277 aa·

120 3313 226 3373 lentum
244 3322 339 3372 tamen
357 3311 508 3390 aliquando
525 3311 580 3370 fuit
598 3330 617 3370 a
634 3312 669 3372 L.
681 3312 807 3381 Metello,
826 3310 886 3368 Cio.
905 3327 958 3388 pro
976 3308 1084 3367 Scauro
1102 3309 1176 3382 §aa
1193 3315 1225 3368 et

119 3404 208 3466 solsol.
226 3425 257 3484 p.
268 3409 317 3481 26,
332 3407 353 3461 l
371 3403 480 3491 Orell.;
504 3404 561 3464 nid.
581 3405 677 3483 Nibby
694 3403 745 3464 del·
758 3404 821 3463 loro
840 3403 924 3464 Rom.
943 3421 974 3481 p.
983 3404 1034 3478 70,
1051 3400 1169 3461 Nudm.
1188 3405 1222 3477 2,

118 3508 150 3578 p.
167 3501 233 3558 166.
273 3499 360 3556 Aliter
384 3498 513 3576 opinatur
540 3498 638 3559 Sashs.
666 3506 695 3575 1,
714 3517 745 3578 p.
764 3498 832 3556 666.
876 3488 953 3556 Istud
978 3504 1072 3554 mmor
1099 3494 1129 3553 in
1155 3491 1221 3553 toro

118 3590 252 3670 templum
264 3592 375 3666 mirum,
395 3592 447 3651 nisi
461 3591 558 3651 eodem
577 3593 626 3651 illo
641 3610 727 3669 anno,
746 3612 802 3672 qno
816 3591 964 3668 Dionysiae
984 3588 1127 3647 historiam
1140 3604 1222 3647 suam

117 3682 220 3760 edidit,
244 3684 477 3763 6661116633
504 3680 606 3745 πολλὰ
629 3685 691 3745 τῶν
717 3682 750 3746 lv
774 3684 815 3767 τῇ
837 3675 937 3770 ἀγορᾷ
963 3669 1221 3757 olaodouppuisus

116 3778 290 3838 κεκαῦσθαι
308 3789 455 3857 memorat,
474 3778 651 3858 absumptum
670 3790 723 3841 est.
756 3780 831 3839 Nam
849 3796 924 3838 anno
942 3776 1002 3836 7⁶0
1019 3773 1114 3834 denno
1132 3790 1156 3833 a
1167 3772 1222 3831 Ti·

116 3870 195 3931 baria
214 3870 374 3932 dedicatum
391 3872 510 3932 traditur
528 3891 547 3931 a
564 3872 656 3932 Dione
674 3874 725 3951 66,
741 3875 789 3947 27,
814 3873 869 3932 aia
894 3871 942 3930 die
959 3878 1045 3948 atqua
1062 3868 1220 3948 pristinum,

115 3965 157 4024 nti
174 3983 210 4025 ex
229 3964 332 4026 Ouidio
351 3976 381 4027 et
398 3966 584 4026 Praenestinis
603 3966 681 4026 lastis
706 3967 898 4047 oognoooitnr3
925 3981 990 4024 nam
1007 3960 1220 4022 Postumianum

113 4056 248 4137 Dionysio
267 4068 297 4120 et
316 4058 459 4139 aliquanto
477 4058 604 4120 disertius
622 4060 704 4119 Liuio
721 4068 853 4120 narrante
870 4058 913 4120 ld.
934 4055 1052 4127 Quinti.
1071 4067 1219 4115 66666666·

113 4158 172 4212 tam
190 4160 242 4215 ast.
280 4152 358 4215 Num
375 4154 431 4216 alio
449 4155 534 4216 etiam
552 4152 630 4232 1666,
656 4172 747 4235 propa
769 4155 860 4216 laem
879 4152 1013 4213 Iuturnas
1029 4156 1144 4222 amen,
1167 4160 1219 4205 ex·
