2550 4574
516 260 704 318 amovctur
1084 276 1167 327 xcpx

60 410 166 469 toniurn
180 408 377 490 -ttntptroneu,
397 427 481 491 quern
498 411 599 472 cicero
617 412 735 489 audirit,
752 415 896 493 scripsisse
914 417 951 478 de
967 421 1167 498 rignllnotiooe

12 500 17 565 ⁵.
60 502 258 567 armeniorum
275 506 342 565 iuris
357 506 431 564 saon·
449 504 567 563 mantue
584 506 746 584 intelligitur
763 526 800 567 ex
810 508 935 570 Macrob.
951 516 979 587 5,
991 520 1040 591 12,
1055 536 1085 596 p.
1096 523 1164 584 412,

12 568 19 651 i
67 599 128 659 lat
146 597 286 677 philologi
303 599 489 676 pincernante,
513 617 634 676 qnorum
653 592 757 678 primur
781 602 852 661 liber
871 605 973 663 citatur
991 609 1067 685 apud
1086 611 1164 674 Fert.

13 682 20 771 ξ
62 710 93 771 p.
99 696 168 768 tut,
181 696 220 750 17
227 694 290 763 sin,
306 693 483 769 attigissem
496 711 590 752 sacras
604 693 686 753 docet
699 694 799 753 Festus
814 715 844 773 p.
856 700 924 772 515,
937 701 976 756 14
986 701 1037 763 sin.
1063 705 1165 767 (inanit

16 786 20 795 '
65 804 109 844 scr
120 786 174 844 lod
182 787 236 864 ¹qui
248 788 324 864 epod
338 786 453 845 Festum
472 795 578 862 extant,
598 786 635 844 de
647 786 701 844 lroc
714 805 818 864 genere
833 798 901 847 sunt
919 808 1026 870 omues,
1046 816 1099 857 nec
1113 800 1164 867 ad.

72 879 173 939 nodum
190 881 294 938 similes
313 881 376 950 illis,
395 880 445 959 qui
462 881 515 938 sub
535 880 646 938 nemim
658 880 761 939 Cloatii
775 882 841 940 Veri
861 886 966 945 enotati
984 898 1050 949 nunt
1068 892 1164 953 alin.

19 976 22 987 '
72 974 153 1032 enisio
170 986 201 1032 ct
219 974 323 1036 Gellio.
358 974 403 1033 De
421 974 481 1032 aliie
496 974 677 1052 scriptoribus
696 975 869 1033 coniectandi
887 976 949 1037 finis
963 981 1060 1042 :nullus
1077 983 1163 1044 iuret.

67 1066 162 1126 iiornnr
181 1077 293 1143 mosen,
313 1070 366 1146 qui
382 1068 499 1126 indicati
516 1077 601 1142 runt,
625 1085 687 1125 curu
707 1068 835 1146 plerique
854 1088 872 1128 n
890 1071 977 1131 Festo
995 1092 1164 1137 commemo·

68 1172 165 1237 rentur,
185 1178 300 1220 ncoeeee
313 1171 360 1220 est
372 1163 424 1240 -qui
436 1162 565 1225 2Vcrriunr
584 1160 686 1219 excribi
699 1158 736 1217 ab
750 1159 853 1220 Ouidio
873 1166 997 1236 potuisse
1015 1168 1164 1245 existimat,

67 1256 180 1333 potuisse
198 1254 390 1333 iilos-qnoque
408 1255 546 1313 fateamrr
566 1272 684 1331 quorum
703 1255 751 1311 ncl
770 1273 840 1313 unus
859 1256 970 1317 suffecit
986 1256 1023 1317 nd
1042 1263 1164 1337 paucula
1222 1316 1226 1327 ,

65 1348 108 1407 ‹iln
123 1349 364 1408 subministrando.
395 1349 489 1408 -Certe
506 1345 616 1406 suffecit
635 1348 677 1423 is,
704 1365 788 1424 quem
806 1351 930 1409 nondum
950 1353 1163 1431 nominandum,
1181 1368 1184 1373 ·

62 1441 100 1513 fl.
119 1442 271 1502 Terentius
288 1442 398 1517 Varro,
424 1443 453 1499 in
476 1442 553 1499 cuiue
577 1441 653 1499 libris
677 1450 786 1500 constat
811 1445 964 1522 perscripta
988 1444 1074 1507 iniere
1091 1466 1164 1513 non·

60 1536 135 1597 nulla
146 1534 276 1595 eiusdem
289 1544 380 1593 notae
399 1554 461 1593 cunr
479 1554 573 1613 -supra
591 1536 688 1612 positis
710 1536 810 1595 Verrio
829 1547 859 1595 et
877 1536 980 1596 Ouidio
996 1543 1162 1613 communio,

59 1646 133 1708 ¹quoa
149 1626 309 1687 annotanda
321 1638 393 1686 -sunt
405 1638 558 1707 ¹antequam
578 1629 614 1686 ad
634 1629 762 1706 grauiora
782 1641 925 1706 pergatur.
965 1630 1022 1691 On.
1039 1635 1070 1709 4,
1085 1635 1163 1695 4452

56 1722 208 1799 «opruadio
228 1721 315 1796 suern
338 1722 442 1782 colonio
461 1725 542 1795 Quos
557 1722 631 1781 mule
655 1730 813 1794 craterum
837 1743 974 1802 urumque
997 1744 1093 1805 paruo
1108 1747 1163 1790 usn-

53 1822 130 1875 ossi.
142 1848 182 1861 -·-
200 1834 251 1874 cur
266 1834 386 1893 acopo
402 1817 532 1877 Vediouie
545 1815 639 1874 aeden
651 1816 753 1876 Aedem
770 1835 828 1876 aon
845 1824 941 1895 stupri
958 1824 1083 1899 nupicer
1102 1842 1163 1884 cese

56 1908 154 1969 lonis?
171 1909 251 1968 Paul.
265 1929 296 1987 p.
307 1914 374 1987 379,
386 1913 419 1969 lc
442 1910 553 1971 Verouii
570 1911 644 1970 mele
664 1914 755 1969 munti
772 1919 800 1969 ei
816 1914 936 1987 macine
952 1914 1086 1979 hunino.
1121 1921 1161 1977 Ve

57 2006 127 2063 osiae
143 2002 281 2077 spinum
297 2008 339 2063 rei
356 2024 466 2083 pensae
482 2004 704 2082 praependent,
732 2004 804 2062 unde
825 2009 952 2064 Veiouern
969 2028 1091 2085 perunna
1109 2014 1162 2071 le-

57 2114 118 2156 none
133 2105 162 2156 oi
178 2097 344 2174 uoprondom
361 2097 461 2172 solnm
478 2101 616 2157 nemmem
636 2096 770 2157 dindoni.
809 2097 853 2156 lta
872 2101 956 2176 uulgo
973 2102 1086 2176 iegitur.
1125 2094 1167 2161 At

56 2192 85 2250 in
104 2191 199 2250 codice
217 2191 312 2250 Berol.
333 2193 398 2271 (me.
411 2192 460 2249 lat.
476 2200 533 2249 oct.
552 2192 643 2263 n.10)
662 2202 803 2268 postrema
822 2194 876 2249 ita:
895 2192 968 2250 unde
989 2197 1082 2254 Verre
1100 2198 1163 2256 ioue
1197 2187 1200 2197 ¹

54 2304 176 2365 peneum
188 2290 284 2345 loiron
302 2291 330 2343 ei
345 2293 419 2345 caet.
456 2284 483 2343 Is
502 2286 602 2358 codex,
619 2302 674 2361 pro
687 2283 765 2340 cuius
779 2284 920 2362 scripturis
932 2287 960 2344 in
972 2286 1020 2346 ed.
1033 2287 1161 2349 Lindem.

58 2380 113 2439 eius
131 2380 200 2438 editi
218 2380 281 2436 libri
299 2381 453 2456 scripturae
471 2380 598 2437 annotari
619 2376 767 2451 uidentur,
792 2378 868 2435 cuius
888 2381 1004 2456 margini
1022 2381 1160 2459 quaedam

58 2490 91 2532 cx
115 2474 213 2531 codice
236 2471 404 2531 Nielrulrrius
430 2471 614 2548 ascripserat,
641 2471 687 2528 uix
713 2472 785 2528 enim
812 2473 893 2531 tertia
923 2492 1052 2552 quaeque
1084 2483 1161 2537 reule

57 2576 185 2642 notatur,
212 2585 266 2624 nec
283 2566 351 2623 milri
368 2565 480 2623 uidetur
498 2582 558 2622 esse
576 2565 689 2622 saeculo
708 2564 934 2642 decimoquinto
956 2569 1110 2642 uetustior,
1131 2577 1162 2628 et

53 2678 122 2721 nere
142 2662 303 2719 aestimatus
329 2668 373 2717 est
397 2658 570 2716 alduellero
597 2659 657 2716 uiro
682 2660 841 2736 perillustri.
881 2661 979 2733 Quare
995 2659 1087 2720 fateor
1105 2679 1162 2725 non

58 2756 170 2814 multum
197 2773 258 2814 esee
283 2751 459 2811 tribuendum
485 2752 626 2829 insperato
651 2753 693 2810 illi
719 2754 897 2828 testimonio,
923 2773 980 2831 quo
1000 2753 1161 2828 doceamur,

56 2865 136 2926 quens
156 2848 292 2925 intelligat
311 2847 411 2907 Festus
429 2864 459 2923 p.
473 2849 543 2919 372,
558 2850 593 2901 13
608 2845 682 2903 dext.
697 2848 843 2904 mentione
860 2844 937 2904 sacta
956 2842 1093 2924 ultimae,
1113 2849 1161 2925 qui

58 2942 197 3019 uegrande
222 2942 295 2997 male
320 2938 443 3016 grande,
470 2939 515 2995 uel
541 2956 660 3015 paruum
684 2941 813 3001 dixerint.
851 2938 985 3015 Suspicor
1009 2959 1077 2999 uero
1104 2959 1161 2999 non

58 3042 161 3093 tanturn
173 3035 292 3092 Paulum
305 3033 524 3105 Berolinensern‚
544 3031 594 3089 sed
608 3033 690 3090 etiam
703 3033 901 3091 hononorem
916 3042 945 3089 et
959 3033 1159 3109 Guelferbyta-

58 3144 119 3184 num
141 3137 170 3186 et
189 3146 286 3184 omncs
305 3127 488 3203 interpolatos
513 3143 573 3182 esee
598 3126 652 3183 isto
676 3126 705 3184 in
726 3127 789 3185 loco
814 3144 849 3183 ex
868 3123 982 3184 Ouidio.
1022 3125 1081 3182 Sed
1100 3144 1160 3184 rem

58 3220 89 3276 ab
108 3219 213 3279 Ouidio
233 3220 263 3294 5,
284 3224 353 3294 280,
372 3223 429 3277 281
449 3218 617 3277 indicatam:
643 3220 704 3278 Aul
720 3237 804 3297 pentus
823 3249 859 3261 --
880 3216 943 3276 dito
962 3220 1029 3296 ipen
1046 3223 1162 3295 pecunie

59 3310 130 3371 dicio
148 3320 192 3370 eet
209 3312 295 3370 habet
306 3314 407 3371 Festus
424 3332 454 3389 p.
464 3316 531 3381 213,
548 3315 600 3370 18:
620 3313 770 3370 Peoulnius
787 3320 828 3370 eet
846 3329 921 3369 nuno
938 3309 1046 3387 quidem
1064 3311 1162 3386 quole-

59 3423 159 3482 crnque
175 3404 313 3484 pubiicum
331 3406 450 3480 furwnr,
469 3404 518 3462 red
535 3403 678 3463 inductum
696 3413 771 3465 eol-n
785 3422 891 3484 pecore,
909 3410 942 3461 nl
958 3407 1077 3480 peosnno
1090 3423 1162 3482 puo-

60 3517 105 3574 que
118 3503 198 3577 ipro,
218 3498 270 3557 cir.
290 3518 320 3576 p.
331 3503 399 3573 237,
415 3502 450 3555 13
464 3500 516 3557 sin.
543 3497 624 3556 Paul.
645 3518 674 3576 p.
687 3505 735 3575 23,
748 3504 785 3575 83
805 3499 916 3573 75,11.
956 3498 1038 3566 Quae
1057 3498 1162 3558 Varro-

58 3590 96 3650 nis
113 3600 197 3668 sunt,
224 3592 282 3650 uid.
302 3593 377 3650 Gell.
400 3598 477 3667 11,1
497 3602 527 3649 et
547 3593 638 3669 ipsum
657 3592 693 3650 de
713 3594 733 3651 l.
753 3594 772 3650 l.
791 3592 821 3668 5,
832 3593 880 3651 92.
899 3622 937 3634 ·-
963 3589 1021 3651 Ou.
1040 3591 1072 3665 t,
1085 3593 1160 3650 7912

60 3684 102 3743 «ise
122 3685 195 3762 pund
213 3687 244 3744 in
262 3686 307 3745 iic
324 3689 401 3744 uitae
420 3704 506 3746 couno
526 3693 583 3755 erl,
607 3685 676 3745 leuco
695 3686 818 3764 perdidit
841 3685 925 3761 erui,
949 3687 1006 3745 Hie
1027 3701 1104 3744 nocto
1128 3681 1162 3759 iii

60 3781 184 3837 nonar.
217 3778 298 3840 Paul.
317 3800 347 3858 p.
360 3787 390 3855 2,
403 3780 456 3838 152
476 3781 561 3856 Aque
578 3786 606 3837 ci
622 3783 682 3856 iprti
699 3787 759 3841 turn
778 3779 904 3839 interdici
921 3776 991 3837 coici
1009 3777 1161 3848 domantia,

61 3886 137 3944 enom
156 3876 332 3950 accipinutur
349 3880 462 3951 nuptae.
492 3874 583 3931 Varro
599 3872 636 3932 de
649 3874 670 3930 l.
684 3875 703 3931 l.
714 3875 744 3948 5,
756 3877 810 3931 61:
831 3875 922 3948 lpiiur
935 3869 1039 3947 despice
1056 3889 1163 3957 ceusu

62 3966 233 4024 succendi
248 3969 324 4042 gnie
339 3973 369 4024 et
387 3983 477 4041 aquea
495 3965 556 4023 ideo
573 3983 610 4023 eo
627 3968 734 4042 nuptiis
748 3970 783 4024 in
800 3965 894 4023 listune
909 3960 1072 4023 ulium
1089 3960 1163 4040 prod

64 4062 207 4135 mangis.
225 4060 366 4130 -··Qnae
384 4060 459 4137 apud
480 4057 613 4117 Ouidium
630 4071 696 4118 sunt
714 4065 745 4133 2,
760 4058 820 4116 519
839 4075 896 4119 non
914 4074 1028 4118 necem
1046 4064 1090 4117 eet
1105 4055 1163 4115 sint

63 4164 79 4207 t
94 4152 191 4213 Verrio
204 4154 313 4233 potius,
333 4152 390 4212 uid.
406 4152 478 4215 Plin.
498 4171 536 4217 n.
546 4151 575 4210 h.
593 4154 642 4227 18,
654 4155 695 4227 7,,
705 4151 769 4208 coll.
787 4149 869 4209 Paul.
885 4168 917 4228 p.
925 4154 958 4227 3,
973 4152 1023 4226 10,
1040 4164 1126 4227 queunt
1137 4164 1163 4212 ‚a

750 4258 754 4265 ’
852 4242 882 4300 G
899 4247 920 4300 2
