2550 4574
393 294 395 303 .
526 257 659 308 ovrnrvs
679 226 876 316 osuunouau

288 430 290 434 ·
305 411 412 487 mique
426 426 482 469 suu
498 409 625 471 iesous
642 413 876 490 humumque
892 409 999 471 &ruas

96 538 99 545 ‚
348 505 481 563 matun
499 503 579 564 otiari
594 512 682 565 morto
699 505 822 565 Sabim
839 494 918 584 optus.

65 594 68 599 ’
151 596 196 657 itu
208 596 282 656 euim
295 595 443 674 legendum
454 613 516 656 esso
528 601 664 659 exisfimo.
702 599 785 658 Libri.
796 619 853 659 suu
869 607 995 670 aonam,
1013 599 1113 671 troiam
1132 607 1247 672 trum

151 691 280 763 tratum
307 689 371 748 aiio.
408 694 520 775 Heroon
538 711 608 771 opus
626 711 727 770 graeca
751 693 824 751 tituli
849 693 1057 767 terminatione,
1083 702 1117 752 nt
1135 695 1245 766 muniet

46 804 51 815 ⁴
150 781 207 841 diei
225 783 333 861 potatus
359 793 454 842 urant
471 782 545 843 enirn
564 785 612 862 qui
628 784 744 844 broialo
762 785 928 845 uocabulum
947 784 1115 845 adieetiuum
1134 799 1245 867 putant,

150 884 286 952 urguente
310 876 485 955 inscriptione
503 879 627 957 eorporis
649 879 792 937 cuiusdam
811 878 982 938 Theocritei.
1021 878 1175 940 Praeterea
1194 901 1245 949 au-

149 979 208 1029 tem
232 968 319 1029 iustos
342 971 481 1048 scripsisse
504 971 616 1030 uidetur
641 972 866 1031 Sabinusraunt
890 975 937 1050 qui
962 975 1070 1033 malurn
1092 976 1243 1035 Hesiodum

148 1063 298 1139 inuitatum
322 1064 496 1122 manifestum
515 1074 557 1124 est
574 1074 694 1124 aetatem
713 1066 840 1141 hominis,
858 1067 1021 1144 pontificatu
1039 1070 1167 1145 Augusti,
1186 1087 1244 1128 nae·

149 1157 224 1217 diam
242 1160 315 1217 inter
332 1157 470 1234 Propertii
487 1165 517 1216 et
536 1155 631 1217 Ouidii
654 1158 752 1216 similia
778 1160 899 1217 numina
923 1162 1074 1221 conuenire
1097 1162 1184 1239 priori
1200 1163 1243 1220 iu·

148 1251 349 1327 terpretationi.
394 1251 427 1310 Si
453 1258 519 1309 ante
543 1251 699 1310 absolutum
725 1271 796 1331 opus
819 1251 894 1311 diem
919 1255 1005 1329 obiit,
1022 1255 1178 1333 ..probabile
1201 1264 1243 1314 eat

149 1354 280 1422 ooeptum
304 1342 374 1401 iliud
398 1342 482 1402 saissa
507 1355 556 1403 aut
581 1363 643 1403 oum
666 1345 938 1421 heroum-epistolis,
965 1359 1014 1407 aut
1030 1357 1096 1426 post
1114 1367 1173 1409 eas.
1210 1350 1242 1409 ln

148 1437 272 1515 epistolis
291 1440 389 1499 eodem
399 1446 535 1516 ‚tempora
548 1447 674 1497 uersatus
689 1447 741 1509 est,
759 1457 816 1516 quo
828 1436 945 1499 Ouidius
963 1441 992 1498 iu
1010 1444 1117 1501 suiset
1135 1442 1164 1501 iu
1181 1453 1243 1502 ans

47 1552 50 1557 ·
148 1531 294 1607 amatorie,
312 1531 336 1588 si
354 1531 502 1609 quiequam
521 1531 697 1590 nibuandum
717 1541 761 1590 est
780 1533 904 1610 uersibus
922 1533 964 1592 his
982 1552 1038 1593 aur.
1056 1538 1218 1612 2,18,19=

123 1654 125 1661 1
300 1625 381 1699 Quod
398 1625 470 1698 iicet,
490 1631 542 1684 uut
559 1633 634 1684 ortae
651 1629 737 1684 tuom
750 1622 912 1703 profikmur
928 1627 1058 1688 Amorion
1122 1670 1130 1679 -

342 1720 398 1777 Hsi
415 1717 483 1776 miii
499 1721 652 1796 ornantia
667 1737 766 1796 eugeus
782 1722 843 1797 ipss
859 1721 936 1778 suda.

146 1813 226 1872 Haec
245 1813 346 1872 etenim
365 1811 450 1869 nolim
468 1830 532 1870 oum
550 1812 716 1888 Leutsolrio‚
735 1814 795 1871 uiro
814 1815 938 1891 optimo,
957 1813 993 1871 ad
1011 1831 1140 1874 amonim
1156 1817 1242 1878 libros

145 1908 256 1986 ponus,
282 1924 367 1985 quarn
390 1904 428 1964 ad
453 1913 542 1988 autern
565 1905 687 1965 refutes
714 1924 838 1966 amorum
857 1907 979 1964 carmina
997 1925 1054 1966 non
1072 1919 1138 1967 sunt
1154 1928 1242 1988 orus-

146 2007 240 2080 oaptur
264 2001 290 2058 si
308 2007 419 2074 esseut,
438 2017 494 2057 non
512 1997 587 2058 soret
604 2000 776 2059 haerendum
794 2001 821 2058 iu
840 2002 994 2078 promptis
1011 2004 1151 2078 Prupoettt
1169 2007 1241 2064 trist.

145 2095 258 2173 2,465,
284 2093 320 2152 de
344 2094 442 2172 quibus
465 2092 618 2177 disputauit
641 2092 812 2153 doetusimus
830 2093 1024 2152 Lachmauuus
1041 2095 1132 2172 praef.
1151 2096 1241 2176 Prop.

144 2209 176 2269 p.
187 2208 261 2249 ιιι.
300 2188 371 2246 Vtut
388 2198 455 2262 est,.
470 2188 532 2255 siue
550 2188 623 2245 iuter
643 2187 752 2264 prima,
775 2187 836 2246 siue
858 2189 933 2246 inter
952 2188 1049 2246 ultima
1066 2189 1093 2248 in
1111 2206 1241 2251 amorum

94 2268 96 2273 ⁵
145 2285 221 2342 libris
239 2283 361 2341 earmina
379 2280 447 2340 iliud
461 2289 545 2359 poeta
559 2281 677 2358 scripsit,
697 2282 760 2355 snit,
779 2300 830 2339 our
847 2289 976 2358 putemus
993 2280 1092 2340 eodeni
1109 2291 1241 2362 tempore

143 2377 222 2435 iustis
240 2377 323 2434 etiarn
342 2394 405 2432 oum
420 2374 525 2432 Sabino
544 2392 608 2433 euru
626 2374 804 2433 iuiaborasse.
834 2374 942 2434 Neuter
960 2376 1034 2434 enim
1052 2383 1116 2434 ante
1132 2393 1241 2436 annum

144 2470 182 2529 V.
200 2470 235 2529 C.
255 2471 313 2527 746
332 2470 387 2527 tate
412 2485 483 2544 opus
506 2467 627 2526 animum
652 2466 782 2526 iuducere
799 2468 899 2545 potuit.
938 2469 970 2528 Si
988 2471 1111 2549 proxime
1129 2471 1167 2528 ab
1186 2470 1245 2530 hoo'

144 2580 218 2623 anuo
238 2563 390 2641 iuooepisse
408 2559 543 2618 Sabinum
562 2554 623 2637 quis
641 2561 761 2637 putabit,
779 2579 836 2619 nou
854 2560 994 2621 diffitebor
1012 2562 1108 2622 Ouidii
1125 2580 1240 2624 uersum

144 2660 260 2733 2280:
362 2652 1002 2729 iiomouodisoooprisooosoreiiiolisait
1049 2650 1052 2655 ’

12 2780 15 2785 ·
143 2751 277 2829 seriptum
295 2766 378 2828 posse
396 2746 484 2806 uideri
502 2766 559 2806 non
577 2746 617 2804 ita
631 2745 717 2803 multo
734 2756 798 2824 post
811 2746 891 2807 Diale
909 2750 1058 2808 flaminium
1076 2758 1142 2828 post
1159 2760 1239 2810 ooto-

144 2847 334 2925 gistuprope
359 2861 496 2902 annorum
521 2838 754 2917 intercapedinem
780 2842 936 2901 restitutum
959 2845 996 2902 ab
1014 2845 1140 2920 Augusto
1165 2854 1238 2903 teste

142 2941 234 3000 Dione
247 2938 344 3000 Cassio
356 2936 406 3012 00,
417 2937 471 2994 ³62
489 2927 549 2994 sris
567 2933 612 3018 τῷ
631 2926 715 3015 αὐτῷ
734 2925 835 3015 τούτῳ
847 2929 951 3014 χρόνῳ
964 2929 993 3011 t,
1011 2953 1044 2996 τε
1064 2929 1163 3013 ἱερεὺς
1181 2936 1238 2996 τοῦ

141 3027 222 3103 Διὸς
240 3030 362 3109 πρῶτον
378 3023 458 3114 saevo
476 3023 530 3088 aiv
549 3020 720 3106 Mruoriiuv
737 3018 966 3108 ἀπεδείχθη-
984 3050 1056 3090 anno
1075 3031 1112 3089 V.
1126 3031 1162 3089 C.
1178 3033 1238 3090 744

142 3129 204 3187 Iulo
224 3127 344 3187 Antonio
363 3134 392 3186 et
410 3124 498 3183 Fabio
517 3123 593 3185 Man.
613 3118 683 3182 ross.
720 3122 794 3181 Nam
813 3127 866 3182 erit
883 3123 937 3183 diui
961 3144 1022 3183 uum
1042 3124 1110 3203 quid
1129 3126 1236 3183 instau

142 3230 234 3278 ratum
253 3221 480 3279 confirmatumuo
497 3229 548 3289 ast,
568 3227 664 3276 uotum
683 3226 765 3296 putor
784 3217 835 3277 eir.
848 3220 878 3293 0,
890 3219 958 3277 400.
990 3220 1069 3276 Auno
1088 3236 1157 3277 uero
1177 3219 1236 3276 752

80 3348 84 3355 -
141 3331 204 3372 sero
227 3313 305 3372 iatius
325 3312 504 3374 restitutionis
528 3312 805 3389 meminisset-poeta.
844 3311 927 3369 Circa
945 3309 1018 3368 huuc
1037 3311 1111 3368 enirn
1130 3328 1235 3368 annum

140 3407 281 3480 conuenit,
299 3415 332 3465 ut
350 3424 424 3472 nouo
440 3407 561 3484 poemati
579 3400 693 3484 operam
711 3413 839 3463 nauatam
858 3411 997 3482 putemus,
1017 3423 1073 3480 quo
1090 3421 1137 3462 ars
1155 3419 1233 3460 aura·

140 3503 211 3558 turia
230 3517 247 3558 e
265 3500 391 3557 manibus
415 3508 459 3558 est
483 3499 630 3578 deposita,'
649 3508 784 3574 arguente
807 3498 869 3556 loco
889 3504 918 3573 1,
934 3502 988 3555 171
1004 3516 1066 3574 sqq.
1085 3497 1149 3555 coll.
1167 3494 1232 3555 vu.

138 3591 248 3652 Patere.
269 3595 379 3667 2,10⁰.
417 3593 502 3651 Tune
520 3610 678 3670 supremum
699 3581 831 3650 caelibem
855 3592 955 3650 uixiue
974 3589 1104 3649 Ouidium
1127 3582 1233 3667 proba·

138 3685 186 3743 biii
213 3684 421 3744 ratiocinatione
443 3683 538 3744 docuit
554 3684 719 3744 Leutsohius
745 3683 794 3742 uit.
815 3682 872 3743 On.
891 3703 921 3762 p.
933 3686 981 3743 45.
1019 3682 1103 3760 Atqui
1128 3701 1147 3740 a
1173 3700 1234 3741 nra·

138 3779 194 3838 ritu
211 3779 259 3838 iila
279 3797 333 3837 uun
352 3785 417 3836 suut
434 3778 536 3863 scripta
554 3781 584 3854 4,
599 3779 635 3837 52
661 3779 739 3850 sus,
759 3775 826 3847 dou,
845 3778 987 3856 respondi,
1007 3777 1040 3837 da
1057 3775 1184 3846 uolnera,
1204 3785 1233 3834 et

137 3871 261 3931 eiusdem
281 3873 342 3931 iibri
361 3891 456 3931 uersus
469 3872 630 3930 eoo-312
645 3870 682 3930 de
695 3870 812 3930 Claudia
829 3871 990 3929 conferendi
1007 3881 1071 3929 suut
1090 3888 1153 3928 ouru
1170 3870 1233 3928 Ma·

79 3993 82 3999 ·
138 3967 224 4023 urobii
243 3967 333 4024 uerbis
352 3974 404 4024 sat.
424 3971 455 4040 2,
471 3965 507 4024 52
534 3963 596 4023 inde
620 3959 817 4024 tioodiatotttr'
833 3964 887 4023 sibi
903 3964 1048 4040 Astyustus
1071 3962 1177 4036 iustam
1201 3967 1232 4023 iu

136 4057 199 4133 silio
217 4064 341 4117 animum
358 4076 443 4136 rusque
461 4057 500 4118 ud
524 4062 638 4136 speoism
659 4060 855 4135 proauutotis,
878 4057 927 4115 ssi
951 4055 1179 4129 nutritiorum
1204 4064 1231 4115 at

136 4151 219 4212 tolero
235 4152 324 4227 future
341 4151 416 4231 opud
433 4142 719 4215 maurocenorum
737 4151 843 4213 osum
860 4150 992 4224 uantum
1017 4167 1091 4228 quae
1114 4153 1137 4210 si
1161 4167 1234 4211 uero
