2550 4574
135 264 305 335 ccnvaru
566 259 703 311 consone
723 259 757 321 a,
780 254 811 320 a,

137 418 227 497 milio,
247 416 376 497 arriana,
394 412 497 473 scubet
512 430 585 501 quae
599 433 654 473 non
669 413 753 473 modo
772 413 800 470 in
819 409 1018 488 superioribus,
1036 406 1088 469 sed
1105 408 1139 467 iu
1152 409 1240 469 omni·

138 512 191 587 bus
209 492 285 569 libris
305 506 443 569 ueteribus
462 506 654 567 obseruantur.
695 507 767 565 Cum
787 501 1043 578 blallersdorfiauu‚
1071 520 1240 583 quamquam

138 625 195 671 nou
212 621 341 684 semper,
360 601 495 659 consentit
512 601 542 658 in
562 599 718 661 discrimine
735 603 903 677 titanorum,
921 610 997 675 quae
1014 595 1070 655 sint
1088 595 1118 653 in
1137 596 1240 675 capite,

139 709 170 760 et
185 704 355 776 mmm,
382 699 412 768 1,
424 695 499 769 4123
517 697 549 768 2,
562 697 616 768 ²63
636 697 666 767 a,
680 696 753 770 110,
778 690 854 771 quon
877 688 943 749 item
968 697 1078 751 anser
1100 699 1242 749 neumm

140 810 201 857 esse
219 791 393 850 librariorum
412 795 462 845 ant
480 786 718 864 grammaticorum
739 793 935 843 commentum.

214 884 244 943 t.
282 879 389 941 Littera
407 882 435 939 F
450 881 557 959 siguaui
581 879 697 943 rodlorm
715 878 890 939 bibliothecas
908 875 1125 937 Pcmbrooionos
1145 875 1243 943 Goe-

141 976 379 1055 iobriqlsosis
397 979 462 1035 nats
480 976 640 1051 qrtrpsrrtos
658 990 747 1035 aanor
764 975 796 1031 irs
813 973 916 1031 minori
932 970 1028 1045 formo
1045 972 1184 1049 sortparss
1200 979 1244 1030 te·

141 1069 268 1129 simonio
285 1067 406 1139 Heiusii,
428 1067 475 1144 qui
494 1066 609 1124 contulit
626 1067 720 1141 satis,
729 1076 760 1125 ut
780 1066 904 1140 uidetur,
923 1072 1064 1123 accurate.
1101 1063 1139 1122 ln
1156 1082 1244 1123 auno·

141 1164 248 1227 tatione
265 1159 339 1220 edita
357 1159 395 1219 ad
415 1167 444 1236 1,
460 1144 516 1218 39¹3
536 1168 565 1233 et
583 1159 613 1216 in
630 1158 738 1218 nobedis
756 1160 865 1219 ineditis
887 1158 1031 1235 aliquoties
1049 1174 1118 1217 eum
1136 1176 1245 1231 nuum·

141 1256 220 1336 pauit
233 1253 431 1329 Oxoniensem‚
450 1253 615 1330 nescioquo
633 1252 704 1312 iure.
733 1253 835 1331 Neque
853 1253 926 1311 enim
944 1250 981 1309 de
999 1250 1054 1309 boc
1070 1250 1145 1311 libro
1162 1253 1246 1331 plura

10 1386 30 1413 „¹
143 1347 296 1428 comperire
314 1348 402 1426 potui.
431 1346 564 1405 Familiae
578 1354 620 1404 est
630 1345 812 1423 Petauianae,
831 1342 992 1404 Monaceusi
1009 1343 1136 1403 seeundo
1150 1364 1245 1405 emen·

142 1440 250 1516 eaeor,
275 1456 360 1517 saepe
378 1438 501 1496 utilitatis
526 1438 675 1516 egregiae,
699 1457 754 1497 uon
780 1458 844 1498 raro
871 1440 912 1499 ita
934 1447 966 1496 ut
982 1442 1014 1514 2,
1034 1436 1091 1497 59⁵
1112 1449 1246 1517 receptae

143 1534 296 1613 qeslpturae
316 1533 411 1590 unicus
430 1541 538 1590 auctor.

219 1623 268 1687 8.
287 1625 372 1685 Liber
393 1626 652 1705 uosrtoprusts
669 1624 763 1682 littera
785 1623 965 1683 &indicatus
985 1623 1053 1683 olim
1071 1623 1127 1683 fuit
1145 1623 1244 1683 Erlur·

144 1728 237 1795 mnus
272 1717 403 1791 Indicium
423 1718 482 1777 eius
500 1717 589 1778 debeo
607 1716 818 1777 Sclrneiderrino
839 1718 891 1776 uir.
911 1716 967 1776 dss.
986 1718 1016 1775 in
1038 1719 1118 1779 (iili.
1129 1719 1242 1796 astas.

146 1816 223 1879 1838
236 1815 341 1887 n.100‚
362 1812 409 1871 ubi
429 1810 593 1872 describitur
610 1811 720 1883 liberet
733 1813 846 1883 saeculo
859 1810 1023 1870 duodecimo
1036 1830 1093 1871 uon
1107 1811 1243 1877 mutini

144 1905 316 1986 appellatura
337 1905 463 1964 Heinsius
477 1905 505 1962 in
518 1922 564 1982 ep.
577 1903 613 1962 ad
626 1904 716 1963 Gron.
732 1925 761 1983 p.
771 1906 829 1980 atr
848 1923 875 1964 a.
889 1904 964 1969 165³
984 1911 1179 1971 maceriam
1190 1923 1239 1965 sa·

144 2016 243 2063 aarum
255 2017 304 2059 aso
319 2005 411 2059 umes
424 2015 542 2075 mopoos
558 1999 600 2057 rei
614 2004 749 2077 quactum
765 2000 857 2076 prison
870 1995 963 2071 fronto
976 2003 1117 2075 opponant
1126 1996 1237 2075 scfipdt.

145 2091 221 2155 Inest
234 2090 333 2155 houna
346 2111 364 2150 a
377 2090 424 2150 lib.
435 2098 465 2169 1,
475 2095 530 2166 bii
551 2091 588 2167 ad
607 2093 666 2167 init.
685 2092 733 2151 lib.
743 2096 773 2165 2.
801 2082 940 2170 Bleraque
954 2108 1022 2167 saue
1036 2089 1123 2149 babet
1134 2088 1236 2149 aliunde

146 2202 182 2247 ex
201 2185 339 2245 codicibus
357 2185 527 2259 Petauianae
544 2187 655 2264 originis
673 2186 730 2245 iam
748 2193 829 2243 notar
858 2185 944 2243 semel
962 2196 1013 2244 aut
1033 2185 1074 2259 bis
1091 2182 1234 2241 luculentas

145 2277 235 2351 solum
253 2279 402 2356 scripturas
420 2297 534 2339 seruare
552 2280 674 2339 memini.
707 2279 773 2337 Non
793 2288 886 2337 tamen
906 2278 1030 2358 poenitet
1048 2277 1174 2335 miletum
1191 2292 1232 2331 ac·

147 2362 241 2430 curate
259 2368 387 2428 babuisse
405 2372 482 2431 aw.
496 2373 633 2432 Muellero
653 2383 683 2432 et
699 2373 802 2451 partim
814 2372 934 2431 Ernesto
949 2373 984 2429 ab
996 2369 1120 2429 Leutscb
1138 2367 1230 2443 mdes„

146 2463 245 2545 quibus
272 2481 323 2540 pro
349 2462 440 2521 officio
468 2473 497 2523 et
523 2466 641 2524 amicitia
664 2467 766 2544 gratias
784 2468 916 2524 maximas
934 2482 997 2542 ago.
1035 2462 1150 2540 Aliquot
1167 2461 1193 2521 lt.
1207 2479 1230 2519 e.

146 2553 256 2629 duobus
276 2555 320 2613 uel
339 2556 426 2614 tribus
445 2557 513 2615 loris
532 2558 590 2614 uisa
609 2566 675 2616 sunt
695 2559 748 2623 tria
764 2558 800 2617 de
812 2559 865 2617 lroc
885 2559 954 2618 libro
973 2557 1130 2616 testimonia
1143 2556 1231 2631 durre-

147 2665 227 2728 pare‚
246 2658 295 2706 aut
314 2647 350 2706 de
368 2647 505 2724 scriptura
519 2650 641 2728 alioquin
658 2650 795 2712 dubitaui«
826 2653 903 2712 Satis
922 2650 1006 2709 habui
1025 2649 1095 2725 baec
1113 2651 1230 2722 iudicare,

147 2750 233 2821 prout
255 2742 337 2798 etiam
355 2738 410 2798 leci
431 2760 488 2799 non
508 2761 649 2820 nunquam
669 2744 698 2802 in
718 2745 794 2803 libris
814 2763 831 2805 a
850 2765 895 2805 me
915 2747 977 2824 ipso
997 2743 1114 2804 collutis.
1152 2745 1232 2814 Οιω,

146 2836 224 2896 nulla
242 2844 302 2893 erat
327 2834 355 2892 id
382 2833 568 2905 dissimulandi
592 2838 639 2895 ubi
662 2856 713 2915 pro
740 2839 811 2897 uirili
837 2846 917 2917 parte
936 2855 1051 2916 operam
1070 2835 1164 2897 deum
1177 2846 1233 2909 erse

147 2928 278 2991 maleuoli
296 2927 449 2987 irridebunt
467 2929 597 3006 sortasse,
616 2931 666 2991 sed
686 2950 741 2991 non
761 2934 914 3010 negabunt.

222 3026 252 3084 9.
290 3023 379 3086 Venio
398 3038 472 3082 nunc
491 3023 529 3111 ad
548 3023 632 3082 libros
650 3025 754 3101 saecoli
781 3026 855 3084 tertii
877 3023 977 3103 decimi
1001 3023 1030 3079 ln
1048 3024 1149 3101 quibua
1166 3026 1232 3104 quio·

147 3116 215 3200 quid
238 3115 366 3175 diuersae
385 3117 497 3194 originis
522 3118 660 3196 explorari
682 3121 772 3197 potnit
797 3119 833 3178 de
851 3117 1058 3196 superioribus,
1077 3119 1150 3179 adeo
1167 3138 1232 3180 com·

148 3200 257 3271 mistum
277 3221 306 3271 et
325 3213 519 3271 conturbatum
539 3221 601 3287 est,
626 3213 746 3289 suspirio
770 3210 806 3271 de
832 3212 1045 3290 interpolatione
1068 3213 1141 3273 adeo
1158 3231 1233 3292 saepe

149 3302 305 3374 incalescit,
330 3315 361 3363 ut
380 3303 416 3362 de
437 3306 591 3383 auoquouis
616 3315 723 3365 certum
746 3304 877 3365 iudicium
896 3306 963 3364 ferri
982 3324 1065 3383 posse
1084 3309 1131 3367 uix
1148 3309 1234 3367 exind·

146 3413 231 3457 mem.
277 3395 462 3456 viruerunt
487 3400 566 3456 ullius
592 3399 652 3457 solo
677 3399 831 3457 testimonio
857 3401 933 3459 loros
960 3399 1086 3458 difficiles
1111 3400 1234 3479 expedri,

148 3506 315 3565 quamquam
334 3488 362 3546 id
384 3490 444 3549 fieri
462 3491 587 3568 potuisse
605 3501 655 3549 aut
672 3491 732 3550 fieri
750 3512 832 3570 posse
852 3513 904 3570 per
922 3494 1095 3551 coniecturas
1115 3493 1234 3570 probabi·

147 3583 188 3640 les
206 3581 316 3639 minime
336 3586 503 3658 negauerim.
541 3584 705 3643 Leuioribus
726 3586 755 3643 iu
779 3586 979 3644 discriminibus
1002 3586 1235 3664 saepissimeido-

147 3693 228 3733 neam
247 3674 410 3751 scripturum
434 3677 463 3734 in
483 3676 666 3738 mediocribus
693 3680 769 3737 libris
789 3690 884 3738 extare
902 3699 1015 3738 necesse
1035 3688 1114 3754 erat,
1139 3678 1238 3739 camsi

148 3786 219 3826 unus
237 3768 308 3824 liber
325 3772 510 3852 praestantior
527 3769 689 3847 delinquere
708 3774 816 3850 potuit,
839 3774 983 3852 potuerint
1008 3791 1105 3831 omnes
1129 3774 1176 3851 qui
1198 3792 1237 3832 re·

146 3869 232 3935 stant,
252 3880 306 3920 non
325 3860 471 3921 debuerint
490 3881 586 3922 omnes
605 3865 652 3941 qui
671 3865 877 3926 interciderunt.
907 3867 972 3925 Non
987 3877 1052 3924 sunt
1066 3877 1183 3944 propter
1202 3867 1239 3924 ui·

146 3955 187 4013 les
206 3954 373 4013 ratiunculas
392 3955 536 4015 deserendi
555 3955 615 4031 libri
634 3959 819 4036 antiquiores,
838 3960 888 4019 secl
907 3977 1000 4038 neque
1020 3978 1090 4037 prae
1109 3961 1240 4041 despera-

146 4049 224 4111 tione
248 4060 297 4108 aut
320 4046 431 4107 fastidio
455 4050 606 4126 spernendi
631 4051 800 4131 deteriores,
826 4064 901 4111 certe
926 4055 954 4111 ia
974 4051 1088 4115 Ouidio.
1128 4056 1161 4115 ln
1186 4056 1242 4114 aliis

146 4143 237 4223 poetis
255 4152 304 4221 aut
321 4143 501 4223 scriptoribus
520 4140 612 4207 fateor
630 4144 768 4209 interdum
788 4156 915 4211 constare
934 4150 991 4209 nno
1011 4144 1090 4213 fonto
1110 4149 1244 4229 pleraque
