2550 4574
124 190 250 284 Μ
598 229 643 279 aa
664 229 757 289 liliisv

82 388 92 403 ''
122 385 264 447 maritimis
287 381 489 443 ecam-tueare
512 398 546 442 ac
563 382 675 444 littam
699 383 794 461 cupra
811 383 969 462 appellatur
986 400 1005 443 a
1023 382 1093 444 Silio
1111 382 1175 446 ltal.
1190 389 1224 463 8,

123 483 198 541 4836
221 480 355 537 lunonem
372 477 503 555 Argeum,
522 495 596 556 quae
615 476 652 536 de
670 479 745 556 Argu
764 495 838 536 naue
855 478 931 536 dicta
948 478 1049 554 lemur,
1067 476 1142 537 Plio.
1161 486 1223 539 nat.

123 572 153 634 b.
168 578 199 648 6,
207 575 238 648 9,
256 572 316 650 ipse
327 570 478 630 Muellerus
490 576 517 642 1,
535 590 565 649 p.
577 573 633 629 169
646 590 698 649 pro
713 571 809 649 Cupra
823 569 919 646 babet,
939 582 967 630 et
981 571 1058 651 quod
1070 570 1223 631 Etruscum

48 671 52 679 ’
123 683 276 746 cognomen
293 665 382 723 latere
400 673 497 742 putat,
516 664 725 723 lutetiortassis
744 665 827 724 etiam
845 665 873 723 in
892 674 978 744 portu
997 667 1109 742 Argoo,
1136 684 1224 744 quem

122 762 246 821 nominat
268 758 360 838 Apoll.
379 757 473 820 Rbod.
487 759 524 833 ’4,
545 759 612 818 658.
657 758 759 818 Restat
783 760 867 837 igitur
891 759 1037 819 Strabonis
1060 758 1228 837 discrimen,

18 854 21 861 ’
121 853 197 934 quod
221 851 352 931 expedire
375 871 431 911 non
458 852 549 911 ualeu.
588 851 630 910 Ad
650 852 768 931 priscam
785 850 913 912 Matutae
937 851 1059 911 indolem
1084 852 1224 931 indagan-

39 988 66 1019 ,
92 949 98 961 ’
122 949 187 1007 darn
211 946 336 1006 fortassis
361 945 495 1024 prodesse
519 946 622 1024 possit,
648 944 724 1023 quud
748 944 825 1023 apud
844 945 954 1005 Liuium
975 950 1023 1018 ³2,
1038 949 1094 1022 303
1114 949 1167 1023 34,
1180 949 1223 1006 53

121 1043 237 1119 legimus
255 1058 272 1098 a
292 1039 326 1098 C.
341 1037 469 1098 Cornelio
488 1038 601 1104 consule
620 1039 648 1096 in
668 1039 775 1117 proelio
794 1037 928 1098 aduersus
947 1039 1075 1098 insubres
1090 1058 1166 1101 anno
1182 1043 1221 1101 V.

121 1136 158 1197 C.
176 1134 233 1193 565
253 1144 348 1190 uotum
368 1150 429 1191 esse
446 1132 580 1210 templum
599 1133 711 1192 lunonis
727 1133 866 1211 Sospitae,
885 1130 936 1190 sed
954 1130 1137 1210 quadriennio
1154 1143 1223 1213 pust

52 1269 54 1273 ,
69 1292 71 1299 ,
121 1228 277 1288 dedicatum
289 1225 386 1284 lunoni
394 1225 520 1284 Matutae
532 1226 685 1285 secuudum
697 1227 781 1285 libros
795 1233 914 1286 u'eteres.
946 1226 1102 1305 Vtrumque
1114 1247 1222 1306 coguu-

120 1340 185 1383 men
203 1324 227 1379 si
244 1320 317 1377 idem
336 1320 488 1397 expressit,
509 1338 565 1377 non
584 1320 667 1396 igitur
685 1339 832 1398 perperam
852 1321 965 1385 Verrius
985 1319 1222 1398 quemadmodum

119 1433 237 1476 amnne
255 1414 353 1472 dicitur
367 1416 534 1472 misianum
548 1423 578 1471 et
589 1417 709 1472 Momm
722 1414 890 1473 Lucretiana
908 1414 939 1488 6,
951 1417 1020 1489 664,
1038 1415 1078 1472 ita
1096 1432 1115 1472 a
1133 1434 1222 1476 marro

119 1506 267 1572 Matutam
292 1506 456 1580 declinauit,
482 1505 559 1584 quod
584 1507 668 1566 etiam
688 1507 805 1567 Ouidius
831 1517 942 1567 secutus
967 1505 1220 1568 cincinnatum

119 1604 206 1681 bonas
223 1609 335 1662 tuccas.
373 1600 404 1659 Si
423 1601 483 1678 quis
501 1611 600 1678 putare
621 1603 688 1661 uelit
707 1602 866 1660 Cornelium
886 1600 1045 1675 consulem,
1070 1610 1171 1678 utpote
1190 1603 1221 1661 iu

120 1698 208 1758 ueteri
230 1697 409 1754 Etruscorum
434 1694 495 1752 solo
520 1693 558 1751 ad
572 1693 745 1775 Mantuam,
773 1694 810 1754 de
836 1713 892 1773 qua
917 1693 1046 1751 uideatur
1067 1693 1167 1755 llluell.
1190 1702 1220 1771 1,

119 1811 151 1871 p.
166 1794 240 1865 1³8,
259 1789 407 1847 Etruscum
426 1806 527 1846 numen
546 1788 631 1847 labne
646 1789 824 1867 appellasse,
842 1787 971 1866 idemque
990 1787 1170 1849 Coriolanum
1189 1791 1219 1850 in

30 1900 33 1915 ·
118 1881 248 1943 nocenda
266 1881 393 1941 Matutae
410 1881 497 1957 aede,
516 1880 580 1938 Liu.
600 1881 631 1958 5,
652 1887 702 1957 20,
721 1891 871 1960 spectasse,
890 1881 1001 1940 Sabinis
1021 1891 1097 1940 certe
1117 1882 1219 1943 eadem

35 2002 38 2007 ·
113 1979 166 2038 illa
183 1978 280 2055 Cupra
297 1993 359 2034 esre
376 1976 468 2053 putuit
485 1974 606 2050 Matuta,
627 1974 682 2035 nid.
702 1975 832 2035 Voreda
851 1976 870 2035 l.
883 1977 904 2035 l.
920 1976 1031 2051 6,169.
1068 1974 1129 2035 Sed
1145 1995 1220 2054 poe·

117 2073 188 2132 nitet
206 2088 356 2148 nugarumr
376 2069 496 2127 monebo
514 2069 607 2146 potius
625 2070 653 2128 in
670 2069 848 2129 Leucotheae
866 2078 943 2127 recto
964 2086 1030 2127 casu
1048 2067 1125 2147 apud
1145 2067 1219 2128 Oui·

105 2157 212 2240 666,
231 2165 281 2223 ubi
305 2160 352 2222 edi
375 2162 483 2221 solebat
500 2163 669 2240 Lascotbec,
688 2174 800 2243 praeter
824 2164 908 2223 libros
933 2179 979 2221 me
1003 2172 1128 2222 secutum
1152 2180 1218 2223 esse

116 2259 288 2319 Huscbkinm
307 2256 344 2316 ud
363 2257 468 2315 Tibull.
487 2275 518 2335 p.
531 2262 600 2316 211.

193 2351 365 2426 Stimula,
390 2351 616 2428 simplicissimum
638 2370 756 2423 numen,
779 2350 827 2410 lib.
847 2349 982 2428 superior.
1002 2347 1038 2409 fr.
1054 2351 1085 2425 7,
1102 2367 1214 2428 prope-

37 2442 45 2467 ·'
117 2444 230 2504 modum
245 2453 352 2501 constat
366 2445 534 2522 implicatum
545 2438 764 2505 Bacchanalibus
781 2463 908 2522 graecam
923 2461 1069 2521 personam
1081 2441 1217 2521 induisse,

116 2558 169 2618 pro
187 2538 299 2621 Semela
317 2537 414 2595 baberi
432 2549 571 2611 coeptum.
610 2539 705 2598 Liuius
723 2543 772 2615 39,
787 2545 823 2597 12
842 2538 935 2596 lucum
953 2536 1067 2607 Similae
1084 2535 1216 2614 appella·

118 2634 190 2691 uisse
210 2631 333 2716 uidetur3
352 2631 504 2688 Varronem
524 2633 679 2690 accuratius
698 2633 870 2710 inquisiuisse
887 2630 924 2690 de
942 2630 1060 2688 nominis
1077 2628 1216 2687 uicissitu-

116 2727 227 2785 dinibus
246 2724 347 2782 indicat
368 2725 511 2801 Augustini
530 2726 607 2783 locus
626 2744 652 2786 c.
671 2725 701 2786 d.
721 2728 751 2800 6,
769 2729 803 2785 9:
823 2729 872 2784 Sic
891 2723 1084 2784 Bacchanalia
1102 2741 1215 2781 anama

116 2818 286 2878 celebrantur
309 2821 438 2877 insania:
461 2817 509 2877 ubi
530 2821 622 2877 Varro
646 2821 706 2895 ipsc
730 2817 874 2892 cantitetur
892 2838 912 2878 6
929 2815 1124 2877 bachantibus
1140 2815 1216 2875 tolia

85 2966 90 2973 .
114 2911 176 2990 ficti
194 2931 250 2975 coa
267 2931 362 2991 posse,
388 2916 443 2971 nisi
460 2919 547 2972 asarta
566 2920 713 2972 commotas
737 2912 816 2970 uides
841 2931 905 2971 eum
928 2930 1039 2970 causam
1062 2909 1215 2985 inuenisse,

115 3029 165 3068 cur
183 3011 266 3068 etiam
285 3010 377 3086 prisco
396 3008 506 3066 nomine
523 3008 641 3067 Stimula
664 3006 700 3065 ad
719 3005 860 3065 Bacchum
879 3007 1029 3066 attinuerit.
1069 3006 1148 3064 Haec
1166 3023 1214 3063 se·

114 3114 207 3163 cutum
226 3122 286 3162 esse
306 3102 438 3162 Ouidium
456 3104 486 3177 6,
505 3105 562 3161 497
581 3110 709 3180 apertum
728 3109 779 3159 est.

191 3197 235 3254 De
257 3197 320 3271 dea,
341 3215 413 3276 quae
432 3195 507 3275 apud
526 3194 658 3254 Ouidium
673 3200 704 3269 2,
720 3196 885 3252 aua-614
904 3194 1077 3268 describitur,
1096 3210 1214 3270 separa·

114 3291 163 3349 tim
183 3308 266 3367 agere
284 3292 422 3350 constitui.
463 3290 577 3368 Quippe
602 3289 629 3346 in
649 3288 703 3345 hac
721 3299 823 3366 poetae
842 3290 980 3366 ingenium
1001 3288 1030 3346 id
1050 3286 1149 3346 secisse
1170 3287 1214 3344 ui·

115 3384 213 3458 detur,
239 3383 313 3462 quod
338 3386 364 3456 io
390 3385 585 3461 superioribus·
599 3383 720 3461 populus
748 3392 796 3440 aut
823 3383 989 3461 populorum
1016 3381 1211 3440 commercium

114 3477 242 3537 duorum.
288 3476 471 3534 Difficilliruus
499 3477 526 3535 in
551 3478 741 3535 Romanorum
765 3477 848 3534 rebus
874 3475 973 3533 diuinis
999 3471 1053 3533 est‘
1066 3476 1144 3533 locus
1173 3474 1211 3532 de

113 3573 257 3646 manibus,
281 3570 446 3644 lemuribus,
470 3571 634 3648 penatibus,
653 3570 757 3646 geniis,
776 3570 894 3640 laribus,
913 3586 987 3647 quae
1004 3568 1095 3626 omnia
1115 3568 1211 3625 orcina

113 3665 189 3745 apud
208 3666 340 3724 Etruscus
365 3663 479 3721 fuerunt
503 3665 624 3724 numina.
664 3665 770 3721 Horum
795 3681 863 3721 uero
882 3661 1078 3728 exdoctrina,
1104 3662 1212 3738 quippe

111 3777 184 3839 quae
212 3758 356 3818 enucleate
382 3757 556 3835 praeciperet
582 3758 618 3816 de
649 3757 800 3816 istiusmodi
825 3755 924 3828 rebus,
955 3765 1066 3812 ueteres
1096 3755 1209 3812 iamiam

111 3854 186 3912 docti
205 3852 346 3930 opiniones
365 3851 514 3930 populares
533 3861 583 3909 aut
601 3851 795 3910 additamentis
815 3849 1003 3926 locupletasse
1023 3858 1211 3927 aut‘suspeu-

110 3967 155 4007 sas
181 3947 280 4006 secisse
307 3946 445 4004 uidentur.
490 3945 604 4003 Scilicet
628 3945 693 4022 quia
713 3945 825 4004 Mantus
843 3943 894 4002 Dis
918 3951 1000 4021 pater
1025 3942 1209 4000 Etruscorum

108 4042 163 4101 tuit
185 4051 214 4101 et
233 4042 297 4119 quia
316 4059 379 4098 cum
398 4039 536 4114 mundus,
559 4040 606 4116 qui
624 4039 744 4098 Etrusco
767 4041 822 4098 ritu
847 4037 988 4095 institutus
1011 4044 1055 4094 est
1077 4033 1134 4110 (de
1153 4035 1209 4093 lroe

108 4135 203 4196 Ouidii
226 4153 322 4197 uersus
340 4138 370 4212 4,
388 4139 445 4196 823
472 4134 625 4213 explicatus
648 4134 771 4194 inuenies
796 4131 883 4215 apud
898 4130 1026 4192 Mueller.
1044 4130 1157 4193 ucrusc.
1176 4133 1208 4205 2,
