2550 4574
421 272 471 339 Ji!
491 274 630 321 anulare
652 272 762 335 BACRIS
1011 272 1151 325 (lx-XXVI!

50 424 212 489 racadu
229 431 291 501 est,
315 442 352 485 ne
375 423 443 503 qnid
468 424 636 485 rewnditius
659 423 697 484 de
720 422 817 502 templi
835 422 957 487 Veneris
979 424 1153 491 ddieadoue

51 520 149 579 nemis
174 518 319 577 Vloalibus'
342 518 508 596 comperisse
535 517 653 591 Ouidius
685 514 832 592 credatur,
865 518 940 596 quod
965 521 1153 597 ignorauerinl

54 612 148 671 Varro
166 621 196 671 et
207 606 339 689 Verrius,
356 612 398 670 uti
414 630 499 690 supra
517 629 548 688 p.
557 582 655 668 xnln
669 628 712 687 sq.
728 608 792 668 dixi.
831 611 894 669 Nec
912 612 960 670 illa
978 615 1061 689 eninr,
1079 630 1153 694 qnae

54 704 134 765 Naso
151 704 256 780 4,155
267 724 311 784 sq.
328 704 447 783 scripsit,
466 702 503 761 da
520 702 637 763 Veneris
653 702 842 762 Verticordiae
859 704 931 763 aede
949 704 1083 765 Kalendis
1101 706 1152 767 de·

56 796 148 857 &cata
167 806 233 857 sunt
249 796 447 876 intelligenda,
469 795 506 855 ‹le
525 815 582 875 qua
600 794 794 874 praeterquod·
805 808 965 857 consecrata
990 797 1090 857 dicitnr
1105 797 1153 857 di·

57 909 151 949 rornrn
171 892 292 953 ominum
311 910 395 951 cansa
411 908 486 949 anno
507 888 548 951 V.
566 891 602 949 C.
622 889 680 946 640
698 889 734 945 ab
753 888 804 947 lul.
824 887 895 950 Obs.
915 893 1001 965 597,
1020 891 1154 969 ignoran-

58 992 106 1042 tur
123 985 225 1042 omnia.
263 985 375 1045 Scilicet
393 983 469 1062 quod
486 984 610 1046 Macrob.
623 991 675 1040 sat.
694 986 772 1051 1,12
790 982 893 1039 habers
917 1001 973 1041 non
990 990 1083 1043 waren
1100 990 1152 1043 'rtr-

56 1084 109 1154 9rt
127 1080 244 1136 Varius
262 1076 378 1137 Floorrrs
394 1076 446 1137 boa
464 1076 508 1136 dis
523 1083 621 1154 metro
637 1075 822 1144 cornelianum,
840 1081 873 1132 ut
889 1083 1034 1135 matronae
1055 1078 1155 1137 Venari

57 1188 171 1231 aarum
182 1170 315 1247 fumant,
335 1175 413 1231 onitu
423 1173 465 1229 rai
478 1188 604 1245 οοαοοαο,
621 1170 688 1246 quie
701 1167 765 1233 bnis
781 1168 841 1227 loco
853 1187 909 1228 αοα
919 1173 1052 1241 cosmi,
1069 1188 1155 1249 prns-

56 1262 221 1323 'lrmndunt
239 1271 296 1335 art,
320 1262 569 1341 siintelligendurn
589 1273 660 1321 esset
683 1260 721 1320 da
738 1262 853 1320 Veneris
872 1263 1059 1322 Verticordiae
1078 1264 1154 1323 cultu

58 1374 95 1415 eo
119 1356 168 1415 die
193 1358 341 1416 constituto
367 1366 483 1435 propter
507 1356 746 1414 obscaenissimum
769 1374 866 1430 omen,
891 1356 967 1435 quod
991 1376 1080 1435 puero
1102 1376 1155 1417 ruo

59 1467 175 1508 nauare
187 1450 344 1509 Macrobius
358 1447 559 1510 amandatos
574 1448 622 1522 sit,
641 1449 809 1526 ascripsisset
824 1446 938 1509 Verrius
950 1449 989 1508 'de
1001 1469 1036 1509 eo
1049 1452 1155 1530 templo

58 1551 90 1601 et
107 1560 189 1601 sacro
207 1542 310 1620 aliquid
329 1543 358 1602 in
377 1543 471 1603 tabula
483 1539 673 1615 Praenestina,
686 1541 769 1599 cuius
788 1559 823 1600 eo
841 1539 887 1601 die
904 1544 1000 1603 titulus
1019 1544 1154 1605 adao'in·

60 1645 140 1712 teger
163 1644 256 1712 extat,
288 1644 320 1694 ut
345 1636 428 1694 mirer
451 1635 566 1693 Veneris
591 1642 691 1693 nomen
723 1634 851 1693 affricare
881 1635 954 1695 ualle
979 1637 1154 1715 Fogginiurn.

59 1727 139 1787 Nilril
157 1729 241 1807 igitur
258 1729 353 1787 dicunt
371 1726 489 1789 Ouidius
512 1737 541 1786 et
559 1726 697 1803 Verrius,
716 1729 767 1787 nisi
784 1728 931 1787 Fortunae
946 1730 1022 1788 Virili
1040 1730 1157 1790 uiuent·

58 1821 88 1879 in
107 1822 179 1881 locis
198 1822 383 1901 supplicatum
402 1839 478 1896 esse,
497 1839 514 1879 a
534 1823 666 1880 matronis
683 1823 712 1880 in
732 1821 804 1881 aede
823 1821 940 1882 Veneris
958 1822 1156 1895 Verticordiae,

59 1933 148 1994 quarn
167 1927 235 1993 puto
252 1935 270 1973 a
288 1915 438 1974 Plutarcho
463 1914 499 1972 de
522 1913 589 1973 fort.
608 1915 664 1973 Ro.
684 1934 709 1973 c.
724 1920 763 1975 10
784 1907 999 1993 Ἐπιταλάριον
1023 1916 1093 1992 dici;
1117 1917 1157 1976 ibi

58 2010 136 2068 enim
155 2003 263 2084 βωμὸν
276 2001 418 2087 Ἄρρενος
439 2001 545 2084 Τύχης
561 2007 647 2067 fixisse
663 2010 773 2087 scribit:
798 2027 816 2067 a
833 2011 991 2067 mulieribus
1008 2009 1158 2069 humiliori·

61 2102 114 2159 bns
135 2120 214 2175 uero,
233 2105 273 2159 uti
286 2103 397 2160 Verrius
415 2103 518 2177 scribit,
537 2103 566 2159 in
584 2102 697 2161 balineis
715 2103 840 2180 publicis.
870 2101 945 2160 Nihil
964 2095 1017 2160 nisi
1035 2102 1070 2160 de
1085 2100 1157 2161 For·

62 2206 133 2254 tuna
153 2195 232 2252 Virili
250 2194 326 2272 loqui
345 2196 548 2254 uerecundatus
567 2204 608 2252 est
626 2195 792 2253 Macrobius.

138 2288 184 2345 De
202 2288 335 2345 Vestae
353 2287 422 2346 aede
440 2288 467 2345 V
485 2289 527 2347 ld.
546 2288 608 2346 lun.
628 2306 645 2345 a
664 2287 756 2369 Numa
775 2286 901 2346 dedicata
919 2288 1065 2366 pleraque,
1084 2308 1158 2368 quae

62 2380 184 2441 Ouidius
200 2374 295 2455 babet',
315 2379 445 2439 Varronis
459 2400 520 2440 esse
533 2388 646 2460 praeter
664 2398 709 2455 ea,
729 2398 801 2457 quae
818 2398 904 2457 supra
918 2400 947 2458 p.
960 2399 991 2439 cr
1009 2400 1026 2439 a
1041 2401 1086 2441 me
1101 2383 1158 2442 dis·

62 2485 163 2555 putata
187 2484 267 2548 sunt,
295 2485 456 2548 argumento
481 2486 523 2533 est
548 2473 844 2549 cousensus‘Dionysii
867 2474 930 2531 Hal.
951 2479 981 2547 2,
1000 2478 1053 2533 662
1080 2472 1159 2547 τινὲς

62 2565 123 2646 μὲν
143 2553 197 2626 οὖν
217 2560 306 2625 οὐδὲν
324 2557 383 2636 ἔξω
401 2567 457 2625 τοῦ
477 2566 613 2645 φανεροῦ
633 2560 730 2642 αορός
756 2557 833 2625 εἶναί
855 2583 932 2643 φασι
952 2561 987 2625 τὰ
1007 2559 1160 2643 τηρούμε-

64 2680 138 2723 νον·
158 2654 214 2737 τὴν
233 2655 267 2717 δὲ
284 2656 424 2738 φυλακὴν
445 2654 540 2720 αὐτοῦ
554 2655 722 2739 παρθένοις
735 2654 917 2718 ἀνακεῖσθαι
932 2659 1050 2735 μᾶλλον
1070 2654 1090 2737 ἢ
1107 2655 1160 2720 ἄν·

65 2746 161 2832 δράσι
180 2753 338 2811 ποιοῦνται
357 2746 437 2813 κατὰ
456 2748 491 2813 τὸ
512 2749 607 2827 εἰκός,
634 2746 682 2813 ὅτι
700 2752 760 2829 πῦρ
778 2749 836 2829 μὲν
855 2746 1019 2830 ἀμίαντον,
1039 2751 1160 2833 παρθέ-

64 2868 122 2919 νος
140 2841 175 2905 δὲ
195 2840 372 2926 ἄφθαρτον,
391 2858 420 2906 et
438 2850 582 2926 Augustini
593 2850 625 2922 4,
640 2851 693 2906 1οε
717 2850 829 2907 Vestam
847 2866 903 2906 oon
922 2851 978 2905 nisi
996 2851 1084 2923 ipram
1102 2867 1161 2907 csse

66 2976 108 2993 -
119 2945 295 3021 pmbtontotn
315 2940 352 2999 od
369 2940 458 3016 fauor,
476 2945 540 3001 aino·
553 2936 651 3019 rpoibtrr
669 2943 769 2998 rioilus
786 2959 843 2999 arse
861 2959 919 2999 raon
935 2948 1039 3018 potest:
1056 2948 1083 3000 nl
1100 2941 1161 3001 ideo

67 3036 113 3094 illi
130 3038 252 3111 stirpiaco
269 3032 355 3092 solaro
378 3038 495 3109 seruire,
521 3032 594 3110 quod
610 3036 683 3090 deul
700 3050 736 3091 aa
753 3036 874 3109 stirpitus,
899 3036 943 3093 ilo
959 3034 1030 3092 obit
1047 3050 1084 3091 ar
1100 3035 1163 3109 ipae

67 3135 223 3202 noscatur,
243 3145 304 3184 curn
325 3125 468 3186 Ouidianis
486 3128 729 3201 unane-2983
754 3128 805 3183 cl'r.
826 3128 884 3185 Cic.
903 3126 940 3184 de
958 3136 1014 3184 nat.
1034 3126 1112 3185 deor.
1133 3131 1163 3201 3,

68 3227 128 3296 80,
154 3221 211 3281 Ou.
230 3221 293 3279 fast.
312 3224 342 3296 3,
355 3222 409 3296 45,
435 3220 570 3279 Niebuhr.
590 3219 653 3278 bist.
670 3219 710 3278 R.
730 3224 758 3293 l,
777 3238 807 3295 p.
820 3221 887 3280 244.
925 3219 1031 3278 Metelli
1053 3237 1164 3298 quoqne

69 3325 150 3394 pont.
171 3333 244 3372 max.
263 3314 369 3372 lacinus
379 3315 528 3389 Dionysius
545 3315 671 3391 proxima
689 3312 801 3389 pagina,
820 3316 935 3390 August.
951 3316 1032 3388 3,18
1052 3323 1080 3371 et
1094 3312 1163 3372 Oui·

69 3409 133 3464 dius
150 3426 197 3463 uu.
211 3408 374 3465 aer-tur
393 3407 491 3466 eodem
509 3406 593 3464 modo
613 3405 740 3464 tradunt:
761 3405 824 3463 uide
842 3405 879 3464 da
897 3424 932 3465 eo
951 3416 1164 3466 commentatum

68 3500 200 3578 Pighium
218 3518 282 3556 ann.
301 3504 333 3574 2,
352 3501 431 3576 pto
449 3499 487 3558 ad
505 3518 607 3569 annum
627 3497 663 3557 V.
684 3496 718 3555 C.
736 3499 803 3556 512.
840 3498 933 3559 Lubet
958 3501 1090 3561 hocloco
1113 3518 1167 3558 an-

70 3605 173 3654 notare
190 3593 352 3669 Dionysium
370 3598 402 3667 2,
416 3593 454 3650 50
473 3612 528 3651 non
548 3591 689 3651 discedere
707 3608 724 3648 a
741 3592 867 3650 Varrone
886 3591 922 3650 de
940 3593 960 3651 l.
979 3594 999 3652 l.
1019 3595 1049 3667 5,
1063 3596 1113 3667 74,
1141 3591 1166 3649 si

70 3707 189 3768 spernas
208 3687 359 3764 scripturas
374 3685 456 3744 codd.
473 3686 560 3744 Gotb.
576 3696 606 3745 et
623 3684 717 3754 Hasn„
737 3693 812 3743 ortas
826 3703 860 3743 cx
873 3685 1045 3761 Florentino,
1063 3687 1090 3742 in
1111 3704 1166 3763 quo

72 3800 131 3839 una
149 3781 254 3856 syllaba
276 3783 377 3838 Vestae
395 3780 511 3837 nominis
527 3779 697 3838 intercidisse
717 3774 839 3835 uidetur:
866 3779 993 3838 nimirum
1009 3769 1168 3849 Ἐνυάλιος

74 3883 118 3931 est
137 3873 288 3949 Quirinus,
313 3871 397 3949 uide,
415 3873 439 3931 si
458 3891 528 3950 opus
549 3873 651 3948 habes,
670 3869 830 3929 Ambroscb.
850 3870 933 3930 stud.
952 3891 982 3950 p.
997 3873 1053 3931 155
1072 3881 1167 3931 annot.

72 3965 119 4025 De
138 3965 200 4022 loco
219 3968 316 4044 templi
330 3976 360 4025 et
375 3964 556 4045 quarumdam
568 3983 708 4033 sacrarum
721 3963 841 4039 aedium,
861 3982 1008 4042 quaecum
1026 3966 1074 4025 illo
1093 3983 1168 4022 corn-

73 4067 264 4118 memorantur
282 4059 318 4117 ab
338 4059 459 4134 Ouidio,
486 4059 663 4136 inquiramus.
702 4059 746 4116 Ea
770 4058 798 4115 in
823 4076 854 4116 re
877 4060 1000 4136 priorum
1020 4068 1085 4117 anta
1103 4060 1169 4115 An-

75 4149 236 4213 brosclrium
254 4153 499 4233 topograpborurn,
521 4151 570 4209 nisi
591 4150 636 4211 ubi
655 4151 690 4212 ad
704 4163 800 4213 eorurn¹
819 4151 961 4231 opiniones
979 4151 1074 4223 redeo,
1092 4166 1169 4210 rnen·
