2550 4574
135 277 170 325 lv
333 270 338 286 ⁸
544 275 635 325 Fffll
658 272 819 329 conuscat

135 445 208 484 anno
227 425 254 483 id
273 424 375 484 sactum
395 423 477 484 tradit
496 426 531 484 V.
552 429 586 486 C.
607 427 682 501 7453
709 427 805 504 quinto
829 427 890 484 loco
910 434 959 484 aut
977 424 1067 484 edicto
1087 427 1163 502 eius,
1183 436 1234 485 aut

134 521 238 596 legibus
265 519 406 577 iudiciariis
425 519 583 578 Saturnalia
608 521 635 577 in
663 518 782 577 triduum
808 516 945 596 producta
971 534 1048 594 esse;
1082 528 1233 598 utrumque

135 615 206 670 enim
226 613 292 668 dicit
310 613 466 670 Macrobius
487 619 514 688 1,
536 615 573 668 10
597 613 657 669 init.
676 621 705 668 et
723 610 772 668 tin.
792 622 821 684 et
845 619 963 688 utroque
988 611 1071 668 modo
1095 611 1123 669 id
1142 612 1232 670 iuberi

135 707 239 782 potuit,
259 705 366 779 edicto,
387 715 417 763 ut
435 706 548 783 opinor,
566 703 706 782 pontificio
727 703 804 774 (uide
822 705 964 761 Vaassenii
983 703 1174 764 Animaduers.
1194 703 1232 764 ud

134 799 198 856 t'ast.
219 816 291 856 sacr.
309 817 338 875 p.
350 800 388 854 68
406 797 481 874 sq.),
507 816 561 855 non
580 816 648 875 ergo
667 805 815 875 antequam
835 814 908 854 anno
928 797 963 855 V.
985 797 1019 856 C.
1038 799 1094 854 741
1115 796 1234 874 pontiti-

122 901 210 946 ·catus
229 886 361 947 maximus
381 890 417 948 ad
437 892 589 967 Augustum
607 891 778 968 deferretur:
805 891 880 966 leges
906 899 997 947 autem
1017 890 1133 966 Augusti
1158 888 1230 948 iudi-

132 984 231 1039 oiariae
249 983 293 1051 cui
312 1001 385 1040 anno
404 983 584 1058 assignandae
604 986 668 1059 sint,
687 984 784 1060 ignoro
804 1000 867 1045 cum
883 982 956 1044 lctis.
987 982 1143 1040 Nouissime
1156 983 1229 1041 Sue·

133 1077 222 1132 tonius
242 1094 268 1133 c,
286 1080 325 1132 32
349 1078 498 1134 memoriae
524 1075 645 1154 prodidit
663 1077 817 1153 Augustum
840 1074 899 1133 dies
925 1077 997 1134 ultra
1022 1076 1132 1153 triginta
1157 1075 1231 1133 ludis

130 1168 283 1230 honorariis
308 1179 457 1247 occupatos
488 1171 560 1227 actui
585 1187 677 1227 rerum
705 1167 944 1227 accommodasse:
978 1167 1055 1246 quod
1082 1178 1112 1226 et
1136 1168 1230 1246 ipsum

131 1263 275 1338 probabile
295 1264 383 1319 estin
404 1263 509 1338 legibus
535 1261 681 1320 iudiciariis
707 1262 838 1324 extitisse.
878 1262 938 1319 Hoc
957 1262 1019 1320 cuin
1038 1261 1142 1320 sactum
1163 1261 1231 1320 dicit

131 1354 294 1413 Vaasscnius
313 1374 343 1431 p.
361 1357 419 1412 290
438 1373 510 1412 annu
529 1356 564 1412 V.
586 1355 619 1413 C.
639 1357 715 1429 746,
742 1355 897 1432 opinionem
921 1375 998 1412 suam
1025 1355 1132 1434 posuit,
1162 1373 1230 1412 nus·

131 1465 214 1524 quam
235 1448 308 1504 euim
327 1447 367 1504 du
382 1457 509 1525 tempore
525 1448 671 1524 quicquam
685 1447 823 1524 proditur,
844 1464 916 1522 quae
935 1457 1028 1505 tamen
1048 1465 1066 1505 a
1084 1463 1153 1506 uero
1171 1464 1230 1505 nun

130 1539 213 1616 louge
234 1541 331 1598 abasse
351 1540 469 1599 uidetur.
509 1539 594 1598 Certe
613 1559 705 1618 neque
731 1541 794 1618 plus
812 1541 999 1617 quinquennio
1019 1549 1085 1598 aute
1104 1542 1230 1617 Augusto

129 1635 158 1690 in
176 1641 219 1691 tot
237 1633 436 1691 dissociastos
453 1635 496 1691 ius
514 1631 577 1706 fuit,
596 1650 688 1709 neque
702 1634 790 1691 multo
807 1641 871 1710 post
885 1650 933 1691 eos
952 1651 969 1690 e
987 1632 1065 1691 fastis
1083 1640 1229 1708 exemptos

19 1788 24 1799 Ι
129 1727 286 1802 putauerim
315 1725 368 1784 boc
395 1734 568 1802 argumento.
615 1723 709 1791 Causa
736 1724 925 1802 augendorum
948 1724 1055 1783 dierum
1080 1723 1229 1800 fastorum,

129 1820 189 1875 siue
208 1820 382 1878 comitialium
402 1818 501 1876 eudem
523 1815 607 1875 fuerit
625 1828 752 1895 oportet,
778 1835 851 1894 quse
870 1819 951 1874 etiam
970 1817 1089 1895 augendi
1106 1817 1230 1896 iudicum

129 1913 246 1985 numeri,
266 1910 341 1988 quod
360 1910 458 1968 eodem
477 1911 538 1968 loco
552 1910 702 1970 Suetonius
716 1912 811 1985 baliet,
830 1921 859 1968 et
871 1911 1016 1969 extruendi
1033 1911 1088 1969 sori
1100 1910 1230 1988 Augusti,

129 2003 239 2082 dequo
258 2005 375 2062 Sueton.
396 2023 421 2061 c.
439 2006 488 2077 29,
509 2003 640 2061 uidelicet
657 2006 744 2063 litium
764 2015 793 2062 et
810 2004 971 2062 iudiciorum
990 2003 1146 2062 multitudo.
1183 2005 1230 2063 Ea

70 2168 73 2173 Ι
129 2113 174 2157 res
192 2097 263 2157 adeo
283 2098 408 2174 urgebat,
428 2105 459 2154 ut
477 2095 569 2155 sorum
589 2106 655 2156 ante
672 2116 755 2175 quam
775 2098 910 2174 oportuit,
929 2096 983 2153 boc
1000 2107 1058 2167 est,
1077 2105 1229 2174 antequam
1256 2134 1269 2145 -

128 2190 224 2248 Martis
245 2189 346 2248 Vltoris
372 2192 400 2248 in
428 2208 463 2248 eo
487 2190 621 2266 templum
641 2189 799 2249 dedicatum
823 2199 896 2247 esset
915 2191 1120 2268 publicaretur,
1144 2189 1229 2248 Suet.

129 2300 155 2339 c.
168 2285 208 2339 29
226 2283 279 2341 Dio
300 2284 377 2342 Cass.
398 2302 504 2360 argum.
523 2284 585 2341 libri
603 2283 661 2359 55,
688 2294 717 2342 et
739 2292 830 2342 tamen
850 2283 930 2341 tarde
947 2283 976 2341 id
995 2283 1107 2340 confieri
1126 2299 1231 2359 quereq

128 2383 206 2433 retur
221 2375 361 2452 Augustus
379 2383 408 2430 et
426 2375 547 2432 accusari
565 2393 584 2432 a
601 2377 697 2434 Cassio
715 2377 823 2436 Seuero
842 2386 964 2454 optaret,
985 2385 1016 2433 ut
1034 2374 1140 2445 absolui
1158 2393 1230 2451 pos·¹

128 2477 182 2543 set,
201 2469 287 2527 lllacr.
306 2467 368 2524 Sat.
389 2471 419 2540 2,
439 2468 468 2524 t.
508 2467 592 2542 Atqui
616 2469 669 2526 loci
688 2472 819 2548 angustiis
839 2479 943 2547 quanto
962 2466 1100 2526 molestius
1118 2483 1163 2524 res
1181 2466 1236 2524 fo·-

99 2571 107 2589 ·
128 2562 214 2620 reneis
232 2559 429 2639 premebatur,
455 2567 534 2616 tanto
553 2563 685 2619 maturius
705 2574 813 2640 tempus
831 2563 957 2621 iudiciale
976 2561 1093 2619 relaxari
1112 2567 1228 2636 oporte·

128 2654 175 2711 bat
194 2662 222 2711 et
241 2656 301 2722 sine
319 2654 429 2729 negotio
455 2661 575 2731 poterat.
613 2655 672 2712 lam
699 2675 765 2713 uero
792 2657 887 2733 templi
905 2655 1001 2714 Martis
1024 2652 1229 2710 dedicationem

127 2746 253 2804 incidisse
271 2750 298 2804 in
319 2748 491 2804 consulatum
511 2747 625 2822 Augusti
649 2749 783 2806 decimum
806 2759 834 2806 et
853 2749 981 2821 tertium,
1002 2764 1109 2811 ‚anorum
1130 2742 1168 2802 V.
1191 2743 1228 2800 C.
1255 2776 1263 2783 -

126 2837 194 2908 752,
214 2849 331 2918 apparet
350 2857 384 2895 ex
403 2839 493 2896 Dione
513 2840 610 2898 Cassio
629 2841 680 2914 65,
701 2844 739 2898 10
756 2859 823 2919 pag.
842 2859 948 2899 summa
967 2840 1024 2897 359
1044 2837 1138 2896 Sturz.
1158 2834 1228 2891 Furi

123 2931 198 2990 inter
217 2950 280 2990 eum
299 2951 401 2988 annum
421 2941 450 2989 et
475 2950 612 2990 secessum
631 2935 737 2991 Tiberii
756 2935 784 2991 in
802 2930 932 2993 Rbodut'n
960 2950 1034 2990 anno
1054 2930 1112 2986 748
1134 2927 1229 3004 publi·

127 3025 182 3081 cati
201 3025 367 3082 mentionem
386 3025 606 3092 lacuna‘hausit.
646 3026 756 3085 Tamen
776 3029 846 3084 ratio
873 3029 923 3084 ista
950 3036 1064 3082 eatenus
1082 3017 1230 3093 satisfacit,

128 3126 161 3173 ut
180 3135 216 3173 ue
235 3118 338 3194 quid
320 3118 431 3175 obstare
452 3115 589 3192 uideatur,
608 3119 675 3194 quin
693 3121 765 3176 circa
785 3138 887 3177 annum
911 3119 947 3177 V.
966 3119 1000 3176 C.
1020 3116 1162 3174 assistas
1183 3130 1229 3170 ια

125 3227 220 3266 omnes
234 3219 331 3286 gestas
350 3229 411 3268 esse
432 3220 463 3268 et
482 3209 615 3267 delestis
635 3211 767 3269 meruisse
785 3216 938 3288 Augustum
956 3211 1087 3269 dicemus.
1125 3205 1228 3267 Statim

124 3304 266 3378 exprimo
286 3301 499 3380 autem,qn0d
525 3304 627 3381 posui,
653 3304 779 3380 intelligis
805 3305 833 3360 id
859 3305 963 3363 factum
990 3320 1051 3360 esse
1076 3309 1227 3376 antequam

125 3394 224 3452 Fastos
246 3395 362 3452 Ouidius
381 3397 531 3454 scriberet.
559 3400 711 3472 Augustum
732 3415 856 3454 mensem
875 3401 947 3456 enirn
966 3392 1139 3473 appellato,
1160 3391 1269 3453 ldis.

125 3487 165 3542 Ac
184 3488 275 3544 nescio
294 3505 329 3544 an
349 3505 453 3562 exeo,
473 3488 549 3565 quod
567 3490 688 3547 secundo
707 3491 769 3547 locu
788 3491 889 3567 legisti,
908 3492 1009 3549 locutio
1029 3489 1087 3544 eius
1106 3485 1155 3541 illa
1174 3501 1269 3573 non:

124 3577 213 3636 tabilis
231 3579 395 3654 explicanda
413 3581 448 3637 sit
468 3582 594 3654 3,165:

495 3677 525 3730 io
545 3674 665 3734 amiram
683 3678 810 3736 ucoedero
828 3676 903 3734 debet

322 3766 400 3835 Quae
417 3775 622 3826 connominatur
640 3772 767 3844 portibus
785 3789 843 3829 sinu
861 3771 927 3829 dics

122 3855 206 3914 Nouo
226 3857 351 3915 nimirum
376 3859 459 3916 modo
486 3860 540 3917 boc
566 3860 668 3920 dictum
688 3875 747 3922 est.
776 3867 853 3941 quasi
877 3864 949 3942 opitu
979 3878 1035 3919 non
1061 3858 1126 3916 satis
1151 3831 1269 3937 esset..

122 3950 310 4027 interpretes
303 3969 330 4008 tn
357 3955 523 4027 eputamus
540 3952 708 4031 olympiade,
736 3959 823 4015 lustro
844 3975 898 4013 non
926 3954 1069 4026 breuiore,
1096 3922 1269 4057 15661101,Ε

120 4041 208 4100 Trist.
228 4045 258 4116 4,
273 4047 321 4116 10,
337 4045 386 4116 95,
402 4047 457 4116 96,
482 4045 565 4103 Pont.
587 4050 617 4119 4,
631 4051 662 4123 6,
678 4049 708 4118 5,
723 4053 753 4126 6,
780 4052 825 4108 bic
845 4069 936 4106 rursus
956 4049 1074 4106 lustrum
1093 4055 1136 4102 cst
1149 4059 1247 4159 qua·

101 4135 171 4184 tuor
186 4150 329 4191 annorum
345 4134 557 4219 πενταετηρίς.
592 4141 698 4202 Verum
715 4145 782 4222 quia
793 4143 869 4222 quod
884 4144 988 4203 Caesar
1007 4140 1072 4198 dict.
1087 4110 1247 4211 adnuat
