2550 4574
1 301 3 312 r
122 242 207 315 cnu'
502 254 860 304 nc.cucrennnro1uo1s

134 420 254 492 cantur,
278 428 402 490 quosque
427 409 455 469 in
480 415 575 469 monte
592 405 688 466 PincIo
711 403 797 467 fuisso
813 424 878 467 uon
901 405 999 486 ntique
1022 394 1232 469 maic'coniecit

135 506 302 585 Fogginius‚
327 523 390 563 oum
415 503 510 564 bortos
535 503 573 560 ibi
594 500 728 578 plurimos
746 499 833 560 fnisse
856 507 982 574 ocustct;
1008 517 1074 559 nam
1099 501 1124 559 si
1142 501 1231 561 multa

119 671 121 675 ἲ
137 600 221 658 millia
239 599 331 665 Roma
348 597 498 673 afuissent,
526 595 685 654 dicerentur
702 611 787 668 rore,
814 595 864 670 uel¹
879 592 1033 672 praedium.
1073 593 1134 655 Fac
1151 597 1234 674 igitur
1272 664 1274 667 ¹

137 692 211 751 uiam
228 674 373 750 Claudiam
393 691 545 769 incoepisse
562 689 599 747 ab
618 686 710 765 aliqua
728 697 809 765 porta
827 696 941 768 praeter
956 686 1139 772 Flaminiam,
1163 706 1235 767 quae

137 793 189 844 aut
208 786 328 859 unicum,
347 778 396 841 au't
413 783 441 840 in
460 782 535 840 libris
554 779 714 861 pontificum
732 779 893 839 Catulariae
910 797 1017 839 nomen
1035 780 1173 857 babuerit,
1192 791 1236 841 at-

138 893 196 955 que
213 874 278 935 inde
295 875 332 934 ad
352 883 466 954 pontem
484 875 609 934 listluium
629 870 806 952 p'erduxieeer
825 873 849 932 si
863 873 982 933 Ouidius
995 874 1173 933 Nomentana
1191 875 1238 933 uia

139 969 236 1029 relicta
254 987 308 1048 per
334 978 412 1027 actus
436 970 601 1047 semitasque
624 966 720 1026 hortor
746 985 811 1025 onos
836 968 932 1045 petiit,
958 984 1072 1026 necesse
1095 975 1138 1025 est
1165 966 1239 1025 intra

139 1062 295 1121 milliarium
313 1061 437 1140 quintum
455 1062 528 1120 niam
541 1059 667 1122 Clodiam
682 1057 817 1136 attigerit3
835 1060 1004 1119 conueniunt
1020 1059 1121 1118 omnia.
1161 1059 1239 1136 Fug-

140 1155 207 1233 giuii
224 1151 284 1213 iere
302 1154 372 1214 baec
389 1165 433 1213 est
453 1153 622 1234 disputatio,
641 1151 688 1212 cui
706 1152 848 1212 confidere
865 1153 1009 1233 bucusque
1027 1152 1176 1212 noluerunt
1194 1162 1239 1212 to·

141 1247 295 1328 pograpbi,
318 1265 372 1306 nec
389 1247 553 1326 incognitam
572 1247 642 1304 alias
660 1246 723 1304 uiae
741 1245 857 1307 Clodiae
874 1248 1029 1326 partemin
1049 1247 1156 1325 mappis
1175 1264 1241 1325 por·

141 1335 325 1418 scripseruntr
350 1341 485 1416 maxime,
513 1349 544 1398 nt
562 1350 653 1418 puto,
673 1339 739 1417 qnia
757 1337 794 1398 de
811 1350 893 1418 porta
912 1340 1053 1399 Catuiacia
1071 1340 1138 1411 nibil
1155 1341 1242 1419 plane

142 1439 186 1492 est
204 1434 389 1510 exploratum,
408 1432 468 1494 nid.
487 1434 612 1492 Bunscn.
631 1431 721 1491 deser.
742 1431 811 1490 Vrb.
832 1439 861 1509 1,
879 1452 910 1512 p.
921 1435 989 1492 627.

218 1525 264 1586 De
282 1544 375 1605 aqna
393 1526 564 1587 Mercurii
581 1535 647 1583 ante
665 1533 775 1603 portam
792 1526 948 1605 Capenam,
965 1525 996 1602 5,
1010 1528 1079 1601 673,
1096 1525 1164 1585 niirii
1181 1545 1244 1586 me·

143 1619 210 1680 mini
228 1638 275 1679 me
293 1620 359 1678 alibi
376 1619 478 1698 ingere.
513 1619 555 1677 Ab
571 1617 668 1678 eadem
683 1637 750 1678 nero
766 1629 848 1698 porte
862 1621 978 1698 Capena
997 1617 1033 1678 ad
1052 1618 1150 1678 aedem
1161 1621 1240 1678 Mer·

145 1713 196 1788 tis,
219 1712 256 1771 de
274 1731 330 1791 qna
348 1714 484 1792 superiori
502 1714 574 1773 libro
592 1712 695 1770 dictum
714 1720 772 1788 est,
797 1713 917 1775 ducebat
935 1713 997 1771 uia
1015 1721 1131 1789 tecta,
1150 1734 1243 1797 'quam

144 1822 247 1882 magno
271 1822 406 1864 concensu
431 1807 497 1864 boni
523 1805 595 1864 libri·
610 1805 752 1864 nominant
776 1807 851 1885 apud
872 1804 1003 1866 Ouidium
1021 1807 1053 1879 e,
1072 1807 1138 1863 192.
1176 1806 1243 1865 Non

145 1897 224 1956 iubet
242 1897 279 1957 dc
297 1901 342 1957 nia
360 1909 447 1973 recta,
465 1915 538 1977 qnae
556 1898 620 1956 alibi
638 1897 702 1973 fuit,
722 1907 771 1956 act
788 1898 825 1957 de
842 1898 978 1957 fornicata
995 1897 1155 1975 disputare:
1179 1900 1244 1958 bre-

146 1990 274 2050 citerde
292 1991 426 2050 hocloco
445 1991 572 2069 religioso
591 1993 751 2068 transigam.
789 1991 972 2069 Mirumiegi
996 1991 1025 2049 in
1050 1989 1146 2051 codice
1164 2009 1245 2070 egre·

109 2066 113 2079 ’
147 2084 193 2162 gio
211 2084 372 2143 Monacensi
396 2086 460 2143 olim
484 2083 723 2143 Maiiersdorfianu
747 2085 898 2162 glossema:
929 2091 1014 2143 eutru
1033 2085 1112 2143 utum
1132 2091 1245 2162 mutam,

149 2195 221 2255 nuce
238 2185 265 2236 ct
281 2176 362 2237 bodie
379 2186 421 2238 cot
435 2183 553 2238 Rornae.
580 2177 756 2236 Burmannus
774 2180 812 2235 ita
825 2177 983 2236 annotauitr
1003 2179 1038 2236 Si
1055 2177 1161 2237 cstmtrii
1178 2197 1247 2255 poo-

147 2278 190 2329 oo
209 2290 258 2348 por
275 2271 348 2330 bunc
366 2273 443 2330 mom
461 2269 727 2353 recompensatum
744 2289 874 2348 pompam
890 2269 954 2330 dum
971 2271 1094 2347 nobum,
1112 2275 1143 2330 tn
1158 2290 1247 2348 eumn

144 2368 185 2420 'su
209 2363 321 2422 cedibm
343 2357 478 2440 &spicere
499 2380 556 2424 uon
579 2363 693 2438 bioebct,
717 2372 809 2440 posset
828 2372 900 2424 tecto
922 2367 974 2424 uin
997 2367 1061 2441 cupi
1081 2372 1114 2423 ut
1137 2365 1249 2424 omiotuc

149 2457 215 2513 uico
233 2455 309 2533 opocd
325 2464 451 2517 nomem
470 2462 487 2514 3
507 2476 565 2516 mn.
584 2461 633 2532 13,
651 2462 702 2527 12,-
720 2457 769 2517 cod
785 2457 856 2517 otini
873 2457 941 2518 mibi
959 2457 993 2517 do
1009 2458 1063 2518 uta
1079 2458 1179 2518 tectum
1196 2466 1247 2518 cot.

151 2547 292 2624 Cogitauit
309 2548 345 2607 de
363 2568 406 2626 re,
425 2569 509 2628 qoam
529 2560 626 2608 narrat
638 2551 762 2609 Macrob.
777 2561 830 2612 sat.
845 2557 874 2627 1,
883 2556 914 2627 6,
929 2571 960 2631 p.
970 2555 1036 2610 209.
1066 2553 1150 2630 Atqui
1168 2572 1249 2630 pom-

151 2656 207 2715 pae
225 2657 260 2697 cx
278 2641 332 2699 iste
351 2642 421 2701 aede
440 2641 513 2700 dnae
533 2652 609 2700 certe
627 2641 691 2701 duci
714 2654 936 2721 consueuerant,
954 2645 1044 2704 altera
1061 2646 1186 2724 equitum
1205 2645 1247 2704 ld.

150 2730 243 2808 Iuliis,
267 2733 304 2792 de
322 2753 379 2812 qua
396 2735 479 2794 Dion.
500 2736 686 2811 Hal.=6,1e‚
709 2737 797 2795 altera
815 2738 994 2816 pontificum,
1018 2757 1080 2798 cnm
1104 2739 1250 2817 aquaelioii

151 2842 235 2883 causa
253 2827 369 2884 manalis
387 2827 457 2905 lapis
476 2845 511 2886 ex
529 2827 627 2885 eodem
647 2829 709 2886 loco
728 2831 757 2887 iu
777 2832 873 2890 urbem
891 2831 1111 2911 pertraheretur,
1130 2832 1250 2892 docente

150 2915 239 2978 Paulo
257 2919 337 2978 Diae.
355 2939 386 2997 p.
398 2923 466 2995 128,
482 2921 500 2978 ⁵
521 2929 550 2978 et
568 2923 602 2994 63
623 2941 652 2999 p.
663 2927 695 2998 2,
709 2928 756 2982 12.

228 3012 321 3092 Locus
346 3015 496 3091 antiquitus
521 3013 682 3090 reiigiosus‚
709 3017 753 3072 cui
776 3024 872 3076 ⁴tamen
897 3017 1054 3077 Vestalibus
1078 3015 1250 3094 potissimum

152 3107 319 3164 caerimonia
338 3117 367 3165 et
386 3107 475 3166 honos
491 3105 682 3181 exhibebatur,
701 3107 730 3164 in
744 3107 828 3167 Noua
847 3111 893 3168 uia
912 3109 1121 3169 commemorari
1140 3108 1250 3166 uidetur

153 3201 183 3268 6,
195 3202 351 3259 eut—97.
389 3199 516 3257 Eundem
537 3198 610 3257 enim
628 3201 804 3278 assignificari
828 3213 898 3281 puto
917 3221 935 3262 a
953 3203 1081 3262 Varrone
1095 3197 1179 3275 loco,
1206 3200 1253 3277 qui

152 3289 272 3375 fumasse
289 3293 356 3350 satis
376 3300 419 3351 est
437 3292 546 3370 integer
564 3293 592 3350 in
613 3292 767 3369 codicibus,
790 3294 827 3353 de
844 3296 866 3356 1.
883 3297 904 3355 l.
924 3297 955 3370 5,
970 3298 1025 3356 43:
1051 3296 1149 3372 quoius
1166 3296 1254 3351 uesti-

152 3384 221 3461 pio‚
247 3383 319 3459 quod
337 3403 385 3457 co,
411 3404 467 3463 qun
485 3393 560 3456 mm,
587 3382 686 3444 ctam
707 3385 854 3446 Velabrum
876 3395 903 3446 ot
924 3388 997 3448 unde
1018 3386 1192 3448 comedebant
1215 3385 1255 3444 od

153 3493 291 3537 mmmum
308 3495 411 3536 nouom
428 3483 518 3554 uiam,
537 3478 613 3537 lomu
629 3478 760 3537 aucebeun
777 3479 921 3540 chrumr
945 3500 1011 3540 narn
1029 3500 1048 3540 a
1070 3481 1190 3542 Velabro
1209 3478 1253 3536 di·

154 3585 265 3627 uersum
284 3569 368 3628 fuisse
386 3570 463 3629 illum
483 3571 574 3631 locum
589 3568 707 3629 Ouidius
725 3573 820 3631 mtob
839 3573 962 3634 indicare
978 3575 1098 3635 uidetur.

230 3661 324 3720 Lucus
343 3663 384 3736 is,
403 3663 451 3741 qui
469 3664 501 3738 6,
520 3663 577 3721 503
596 3663 745 3740 indicetur,
764 3666 810 3725 ubi
828 3667 896 3727 situs
913 3667 1009 3743 suerit,
1029 3667 1202 3746 potissimum
1221 3683 1257 3723 ex

156 3770 191 3811 eo
217 3754 279 3812 loco
305 3764 334 3813 et
352 3755 435 3814 Liuio
454 3757 503 3830 39,
518 3761 555 3813 12
567 3775 629 3834 sqq.
655 3759 844 3834 cognoscitur3
869 3762 996 3839 proxime
1021 3763 1110 3840 ripam
1135 3759 1259 3833 Tiberis,

156 3845 307 3905 secundum
327 3850 414 3907 uerba
432 3847 524 3906 liuii:
542 3855 690 3908 matronas
707 3852 883 3913 Bambotum
900 3853 997 3913 babitu
1014 3852 1134 3913 ouum
1150 3854 1260 3930 sporcio

156 3956 218 3999 etun
232 3938 392 4000 ardentibus
409 3938 521 4015 [cuitu
533 3939 673 4001 nomam
687 3943 726 4003 cri
739 3943 875 4020 Tiberinae
893 3965 977 4024 quam
997 3946 1122 4026 proxime
1140 3963 1158 4002 a
1176 3946 1259 4020 mari,

155 4029 215 4093 Ou.
231 4032 339 4108 muoz,
358 4052 414 4093 non
433 4044 525 4094 tamen
544 4034 597 4092 sub
616 4035 676 4112 ipso
688 4038 835 4109 Auennoo,
855 4060 884 4098 n.
896 4040 965 4117 518,
985 4059 1037 4099 nec
1050 4037 1145 4115 longe,
1163 4039 1187 4095 si
1199 4036 1261 4096 fieri

154 4134 259 4203 potest,
280 4144 298 4185 a
317 4123 379 4186 toro
394 4126 490 4187 boario
508 4137 539 4188 et
558 4128 663 4211 templo
676 4129 804 4191 Matutae
817 4130 903 4193 subsc
921 4133 1059 4194 conuenit.
1092 4133 1164 4193 Hinc
1182 4139 1261 4193 recte
