2550 4574
142 250 315 303 ccamtv
564 254 676 304 Ι(19111).
696 244 726 320 6,
748 244 779 320 7,
799 243 819 300 8

141 408 335 484 praetermissa
352 406 480 466 Heinsius
498 416 627 468 enotasse
647 407 766 482 uidetur,
785 405 843 467 nid.
863 411 895 482 2,
908 406 966 466 396
980 408 1052 480 (393
1064 407 1113 468 ed.
1129 407 1236 482 Burro.)

141 518 217 577 quae
234 501 399 578 plerumque
416 499 484 559 dixit
502 502 633 561 codicis
651 501 820 562 Politiani
839 518 912 576 esse,
931 502 1017 561 semel
1037 502 1122 561 etiam
1141 507 1171 579 3,
1183 506 1234 563 391

142 592 171 650 iu
190 592 297 652 schedis
320 595 404 652 mstis
420 612 506 654 onum
530 596 651 656 codicem
670 595 800 653 Politiani
824 604 983 673 nuncupat,
1007 595 1037 652 iu
1061 597 1231 657 annotatione
1270 652 1273 657 .

142 686 274 764 impressa
292 699 424 767 excerpta
442 689 580 752 Politiani.
617 690 734 749 Prorsus
754 688 865 748 diuersa
882 689 935 746 sub
953 687 1053 747 eodem
1072 688 1184 750 nomine
1200 690 1230 749 ab
1269 700 1272 723 ²

141 787 259 857 utroque
278 782 387 858 prolata
406 791 471 841 suut
489 783 520 857 5,
539 783 605 842 355.
1194 854 1197 859 ,

216 878 265 933 31.
302 877 331 934 6.
359 873 614 956 Gottorpiauus
640 875 727 935 codex
752 894 809 935 uon
835 893 900 934 raro
923 875 959 932 ab
978 874 1094 934 Heinsio
1118 894 1228 936 wmme·

139 975 281 1024 moratur:
306 967 333 1025 in
353 967 461 1026 scbedis
481 971 556 1028 mstis
575 970 611 1028 ad
631 974 662 1044 4,
680 973 737 1028 412
762 972 871 1047 primm
891 969 1103 1047 Gottorpiauos,
1122 968 1227 1029 fortmse

139 1058 239 1118 calami
258 1078 363 1120 errore.
401 1061 480 1120 Nilril
505 1063 543 1122 de
568 1082 603 1122 eo
627 1064 694 1123 mihi
717 1065 856 1139 innotuit,
881 1062 932 1122 uisi
951 1060 1027 1139 quod
1050 1062 1080 1119 in
1095 1059 1227 1129 ‚uolumine

139 1152 346 1230 Spanlremiauo
366 1154 432 1212 bibl.
450 1173 509 1234 reg.
529 1157 623 1216 Berol.
642 1176 707 1218 mss.
720 1157 828 1236 Spaulr.
849 1158 913 1216 ml
932 1153 1078 1231 catologus
1095 1153 1226 1213 bibliotir-
1271 1228 1273 1233 Α

42 1296 45 1303 .
140 1265 189 1305 ooo
205 1249 405 1326 (lottorpiooos
419 1251 449 1307 is
463 1249 596 1310 Holsotio
614 1260 703 1326 extat,
720 1252 749 1309 lu
768 1270 825 1329 quo
842 1249 963 1310 Ouidius
980 1256 1151 1307 recensetur.
1175 1245 1227 1305 No·

139 1340 230 1400 tabilis
248 1348 291 1400 est
309 1340 522 1420 interpolatione
541 1355 570 1403 et
588 1346 754 1422 cognatione
773 1364 837 1403 cum
855 1343 983 1403 Mediceo
1001 1340 1141 1423 secundo.

215 1437 263 1494 38.
302 1439 331 1494 7.
357 1436 641 1514 Hamburgensis
661 1437 784 1497 eiusdem
803 1436 889 1517 plane
907 1455 970 1494 cum
988 1436 1135 1513 superiore
1154 1444 1228 1494 notat
1271 1454 1273 1467 ²

138 1536 198 1604 est,
220 1523 340 1607 ideoque
357 1530 429 1590 inter
448 1524 663 1608 praestantiores
684 1530 793 1592 babitus
816 1532 852 1590 ab
871 1530 996 1589 Heinsio.
1034 1526 1112 1587 Nihil
1130 1527 1167 1589 de
1181 1526 1228 1585 loc

138 1639 252 1699 qnoque
270 1623 345 1681 noui.
382 1622 415 1680 ln
439 1623 537 1682 eodem
564 1625 705 1684 uolumine
723 1625 930 1703 Spauhemiano
955 1621 1072 1681 extabat
1092 1621 1229 1699 munga

138 1706 365 1774 bibliothecarum
390 1716 660 1794 Hamburgensium,
690 1720 720 1778 iu
747 1738 804 1798 quo
829 1719 933 1776 frustra
959 1714 1003 1773 fui
1030 1712 1228 1792 paduanendo.

13 1830 16 1837 ·
136 1806 251 1868 Memini
269 1827 315 1868 me
332 1810 452 1869 amicum
471 1810 602 1890 delegare
621 1811 787 1870 scbcitatum
806 1808 960 1887 Hamburgi
979 1807 1016 1866 de
1033 1807 1125 1866 libror
1150 1824 1229 1885 aega·

136 1899 187 1961 bat
210 1901 309 1965 doctos
332 1905 406 1964 uiros
424 1903 608 1967 bibliothecae
631 1906 762 1985 publicae
779 1904 938 1985 praefectos
956 1901 1068 1963 nouisse
1085 1901 1229 1984 qdqmm

136 1993 174 2056 dc
191 2013 237 2057 eo.
1202 2044 1210 2056 .

211 2092 260 2152 39.
299 2094 328 2153 8.
358 2092 490 2157 Codicem
508 2092 629 2152 Fuluii
647 2090 768 2150 Vrsini
785 2110 817 2151 se
835 2107 984 2171 usurpasse
1002 2094 1124 2149 testatur
1140 2085 1230 2149 (loia-

135 2202 189 2244 nos
206 2187 235 2244 in
253 2185 344 2265 prael.
364 2204 464 2247 comm.
483 2187 513 2246 in
531 2186 596 2246 last.
617 2185 653 2245 ad
673 2186 806 2245 lectorem
824 2194 854 2245 et
873 2183 1018 2248 Vaticanis
1037 2181 1165 2241 omnbi-
1180 2198 1230 2239 an·

135 2278 282 2357 tiqulorem
301 2280 376 2339 dicit.
415 2282 497 2340 Visus
516 2281 583 2339 mibi
601 2279 749 2358 aliquando
768 2280 792 2337 is
811 2296 892 2352 esse,
911 2278 988 2336 cuius
1005 2274 1138 2335 iodicium
1153 2273 1230 2331 inue-

135 2372 247 2430 niebam
272 2375 302 2432 in
327 2375 436 2434 schedis
458 2375 671 2453 Spanlremianis
695 2373 791 2432 Berol.
818 2392 848 2432 u.
867 2370 994 2443 50t01.‚·
1016 2369 1065 2427 ubi
1089 2369 1120 2427 in
1142 2364 1230 2425 indice

134 2465 267 2524 librorum
279 2467 374 2526 Fuluii
385 2467 476 2526 Vrsini
494 2469 543 2546 qui
561 2468 646 2527 delati
664 2475 730 2526 suut
748 2467 776 2524 in
797 2466 863 2524 bibl.
875 2466 1038 2546 Vaticanam
1057 2463 1140 2541 pao
1156 2480 1186 2520 n.
1195 2464 1233 2518 32

134 2557 206 2616 baec
223 2559 368 2635 legunturr
396 2560 492 2620 Ouidii
514 2559 588 2634 forti
610 2563 641 2618 io
658 2578 734 2640 pero.
755 2558 945 2619 nabebisaimo
962 2560 993 2615 io
1010 2556 1058 2618 tr'o
1074 2552 1231 2632 loncobotd.

13 2656 18 2661 ’
135 2657 243 2727 roperto
262 2650 291 2709 di
316 2670 373 2711 oor.
391 2671 482 2712 rosso.
522 2656 566 2712 Fu
590 2653 634 2712 del
657 2655 826 2712 monastario
847 2653 1019 2711 Gossmsosc.
1057 2647 1230 2708 Similemin

133 2743 247 2803 modum
266 2746 301 2804 ab
321 2745 435 2803 Heinsio
453 2746 481 2803 iu
501 2748 686 2804 annotatione
698 2747 831 2825 impressa
850 2744 887 2803 ad
913 2750 943 2819 1,
962 2744 982 2803 5
1000 2743 1168 2825 describitur
1185 2759 1230 2799 co·

134 2836 199 2909 dex,
218 2840 311 2917 quiin
330 2839 436 2898 selredia
455 2858 596 2917 uunquam
616 2840 720 2913 Vrsini,
738 2857 850 2921 semper
867 2841 985 2917 moros,
1004 2840 1129 2916 optimas
1148 2836 1230 2894 Vot-

134 2950 222 2992 noous
238 2944 430 3012 nuncupaturr
456 2934 541 2993 semel
560 2934 589 2991 iu
609 2933 680 2992 notia
697 2934 836 3011 impressis
855 2933 891 2992 ab
909 2933 1023 2991 Heinsio
1041 2934 1073 3006 3,
1084 2929 1147 2987 639
1162 2946 1229 3009 per·⁴

133 3034 230 3104 peram
248 3022 278 3085 lsi
295 3027 509 3106 distinguuntur,
526 3045 545 3086 a
563 3027 728 3087 Burmanno
746 3044 815 3085 uero
833 3016 981 3106 perpetuo.
1018 3023 1062 3082 Ad
1081 3022 1230 3102 antiqnita-

133 3127 191 3178 tem
209 3119 271 3178 libri
290 3124 411 3198 pertinet
429 3121 504 3202 quod
523 3121 635 3180 saeculo
653 3120 693 3178 Xl
718 3121 746 3179 iu
772 3119 936 3178 bibliotheca
962 3117 1122 3177 monasterii
1140 3115 1230 3174 Cassi·

133 3213 226 3271 nensis
243 3212 289 3271 liic
307 3217 377 3274 liber
394 3224 625 3275 commemoratur
643 3213 719 3292 apud
738 3214 920 3272 Muratorium
946 3212 1042 3289 script.
1061 3209 1127 3267 hist.
1146 3208 1180 3267 lt.
1200 3207 1229 3282 4,

133 3321 164 3382 p.
177 3307 246 3364 473.
283 3307 411 3386 Alioquin
436 3312 573 3389 scriptura
597 3308 701 3366 saeculi
718 3306 758 3364 Xl
781 3308 842 3391 ipsa
867 3305 1018 3364 consueuit·
1034 3299 1230 3378 longobardica

133 3398 285 3475 appellari,
309 3400 367 3458 uid.
387 3400 476 3462 Orell.
497 3403 533 3462 ad
552 3403 699 3461 Horatium
723 3401 833 3459 alicubi.
876 3396 935 3457 Sed
962 3396 1084 3455 codicem
1105 3393 1231 3453 Vrsinia·

133 3509 201 3549 num
214 3490 324 3549 Ciosani
343 3503 372 3551 et
390 3513 473 3571 quem
489 3496 527 3553 ita
546 3495 671 3574 appellat
689 3495 819 3552 Heinsius
838 3509 900 3551 esse
918 3490 1030 3549 eosdem
1045 3484 1168 3566 ‘propter
1185 3505 1231 3544 so·
1257 3500 1261 3509 ’

132 3584 191 3643 lum
217 3603 317 3649 nomen
344 3587 525 3647 conieceram.
563 3589 649 3658 Quod
668 3587 814 3646 discedunt
833 3592 862 3660 1,
876 3584 949 3659 ³153
968 3585 1041 3658 5163
1061 3581 1137 3654 5913
1155 3581 1239 3654 6263·

132 3683 162 3749 2,
174 3681 212 3737 93
232 3680 305 3749 alibi,
324 3678 399 3757 qnod
421 3679 456 3738 ad
476 3686 504 3750 2,
519 3683 573 3738 851
594 3683 623 3738 io
644 3680 752 3739 schedis
772 3679 875 3737 Heinsii
893 3685 1058 3735 annotatur:
1082 3679 1163 3734 Horo
1180 3691 1232 3730 os-

133 3790 186 3849 que
207 3771 245 3830 od
262 3770 343 3846 finem
368 3771 432 3831 libri
449 3772 560 3832 dosroot
583 3772 618 3832 io'
639 3781 695 3853 opt.
718 3775 808 3832 Votic.
828 3771 946 3830 Ciniano
965 3778 1092 3842 tacente,
1118 3766 1148 3826 id
1174 3785 1232 3825 non

132 3863 248 3924 multum
268 3865 343 3944 apud
367 3885 412 3924 me
437 3867 556 3925 ualebat.
594 3867 668 3924 Nam
693 3866 832 3926 interdum
859 3866 941 3923 etiam
964 3864 1125 3941 conspirant
1148 3870 1181 3918 nt
1200 3865 1232 3934 2,

132 3959 192 4016 234
209 3961 280 4032 (286
298 3959 424 4034 Enim),
450 3960 533 4035 alibi,
556 3968 585 4018 et
603 3961 666 4019 Itali
684 3961 801 4019 bominis
827 3958 978 4037 perexigua
1000 3966 1043 4014 est
1069 3955 1231 4013 auotoritas.

100 4092 108 4102 ν
132 4053 243 4112 Tamen
264 4071 299 4112 ex
317 4053 376 4112 eius
389 4055 567 4113 annotatione
580 4057 610 4129 6,
623 4059 679 4112 213
698 4071 834 4130 coarguor
848 4052 957 4120 erroris,
977 4067 1040 4106 cum
1052 4049 1148 4126 primis
1159 4046 1233 4104 dun·

132 4147 185 4208 bus
208 4146 283 4208 libris
309 4141 338 4208 et
357 4147 440 4207 tardo
465 4157 531 4210 aute
558 4158 668 4208 uersum
688 4138 745 4207 241
766 4157 914 4226 utrumque
932 4142 1027 4205 Vrsini
1049 4143 1151 4203 librum
1175 4159 1233 4198 uu-
