2550 4574
149 243 241 294 exuti
630 234 770 294 M'Mi!

146 398 240 474 {acm
266 388 451 475 5555555554.
481 393 697 485 ’0555517555
722 406 753 456 ot
775 393 894 457 Ouitiius
911 395 1077 476 Robiginem
1103 396 1245 478 dixerunt,

146 504 211 552 cum
229 490 343 550 Verrius
360 480 503 548 iolsmula
514 487 693 548 Praenestina
704 489 845 568 Robigum
862 494 1045 570 nuncupauit.
1076 493 1140 550 Huc
1158 497 1246 554 ascri-

146 587 211 645 bam
230 582 298 643 Otb.
309 583 443 641 iiioeiisri
470 583 558 640 uerba
571 583 653 659 Ι[551.
674 582 760 659 myth.
779 602 808 662 p.
823 588 880 642 268
899 583 935 643 dc
954 587 1127 644 Graecorum
1146 587 1176 645 id
1193 607 1244 665 ge·

46 748 49 761 1
116 718 118 725 »
146 677 277 739 nundus
295 676 396 735 semiss
416 679 499 735 iiicss
519 680 620 736 Wsssu
634 681 748 736 5565555
764 676 898 737 subaudis·
914 682 972 737 crit
989 681 1020 737 io
1036 683 1110 747 5755·
1127 681 1245 742 Psriods

133 768 324 853 ‘psmriiios'ri
340 767 452 828 mordes
467 772 536 840 5565,
555 768 594 829 tiu
612 768 656 829 dio
668 770 793 846 Sproolsa
810 772 896 830 sobou
913 771 974 837 6555
991 778 1101 851 spours
1120 776 1243 854 Biiduoq

143 864 202 925 sord
217 863 328 925 Gesiuii
344 862 436 934 ircim
456 861 522 921 odes·
540 862 585 922 siis
594 867 704 923 Nomou
722 863 837 922 5565755
854 865 923 939 sici,
941 866 1004 925 mcii
1022 866 1242 946 5753555555,

143 959 205 1019 (isus
225 954 493 1018 71555555555555
508 959 693 1033 qeqcnmirtiq
712 954 796 1029 ilici,
815 962 866 1018 nsit
883 958 937 1017 sicu
954 959 1149 1038 Appsiioiiuso
1167 961 1242 1036 fort.

142 1052 226 1133 Apud
244 1053 387 1110 Romanos
408 1051 490 1128 pauci
503 1058 573 1108 'sant
591 1049 637 1108 dei
655 1051 842 1127 antiquissimi,
862 1071 1021 1111 communes
1039 1055 1099 1113 sine
1116 1055 1201 1114 dubio
1220 1075 1239 1116 a

140 1143 269 1207 Varrone
287 1146 389 1223 agniti,
407 1144 444 1202 ir.
461 1149 491 1214 2,
511 1144 558 1221 qni
577 1146 716 1203 communi
736 1137 823 1204 etiam'
839 1147 954 1204 nominis
979 1145 1076 1205 forme
1088 1148 1152 1207 olim
1170 1150 1238 1208 culti

142 1240 300 1313 uideantur,
319 1235 381 1307 Sol,
400 1237 491 1310 Luna,
511 1239 619 1297 'i'cilua
652 1236 812 1315 Aliquorum
826 1249 931 1315 autem,
950 1259 1075 1317 qnorum
1088 1241 1162 1305 inter,
1179 1244 1239 1320 pri·

93 1336 99 1345 '
142 1353 205 1396 scos
217 1332 342 1391 officium·
350 1332 441 1389 Varro
453 1331 608 1409 descripsit,
629 1332 739 1389 nomina
757 1332 876 1391 dubitari
895 1333 992 1410 possit,
1012 1350 1048 1390 an
1062 1345 1170 1392 mutata
1182 1337 1239 1396 sint

140 1427 178 1487 ad
196 1427 370 1484 Graecorum
384 1426 500 1483 iliorum
519 1422 691 1502 exemplum,
711 1443 782 1483 cum·
794 1425 886 1492 denuo
905 1424 1237 1503 aliquando-dedicaren-

140 1530 195 1581 tar.
221 1521 276 1578 ita
294 1514 436 1592 Subitam,
456 1519 514 1579 0u.
535 1524 566 1594 6,
581 1523 650 1594 862,
678 1537 762 1596 qnam
786 1520 871 1597 paulo
894 1521 977 1578 aliter
1001 1538 1019 1579 5
1037 1519 1152 1579 Ssbinis·
1167 1522 1237 1580 oiim

140 1615 242 1673 dictam
265 1612 350 1671 inisse
368 1608 459 1672 *iarro
484 1613 521 1671 dc
540 1614 560 1672 l.
579 1614 600 1673 l.
621 1614 650 1684 5,
669 1616 708 1671 74
727 1614 852 1671 indicare
877 1612 1003 1682 uidetur,
1028 1610 1237 1692 5515555555,

45 1748 51 1759 ,
138 1708 223 1783 iub,
250 1702 307 1766 On.
328 1709 357 1781 6,
376 1708 431 1787 65,
456 1726 494 1766 ex
517 1709 648 1767 librorum
674 1706 871 1783 Sibyllinorum
897 1708 1079 1783 auctoritate,
1105 1726 1237 1785 graecum

82 1800 89 1816 '
139 1798 288 1878 utrumque
307 1818 419 1875 numen,
439 1801 556 1863 sitemm
575 1818 601 1860 a.
619 1800 658 1859 V.·
670 1802 704 1859 Ci
722 1798 794 1876 574,
813 1802 930 1859 altorum
949 1800 1006 1859 535
1026 1811 1158 1860 reuocata
1174 1820 1237 1860 csso

137 1894 255 1953 coniecit
271 1893 434 1952 Clausenius
452 1912 482 1972 p.
495 1897 564 1968 260,
578 1897 645 1952 261.
679 1890 746 1954 'Alia
764 1897 877 1953 numina
899 1896 1054 1969 cummunis
1073 1894 1149 1972 a'pud
1165 1893 1241 1953 Oui·-

137 1988 214 2051 dium
238 2006 294 2047 non
318 1997 429 2045 extanti
457 1996 569 2047 nom-et
588 1990 695 2046 855555
720 1989 882 2046 sacrificinm
902 1988 1010 2047 Romae
1033 1988 1140 2048 iactum
1157 1976 1236 2048 com·

136 2092 246 2141 mantus
264 2090 308 2139 cst
324 2083 356 2156 4,
375 2082 444 2156 653,
469 2082 664 2160 nequc'deam
686 2084 804 2140 Nbctsru
822 2087 850 2150 1,
869 2083 926 2139 455
951 2094 1000 2141 aut
1024 2082 1086 2141 libri
1111 2092 1235 2158 ueteres,

135 2185 186 2237 aut
205 2176 312 2243 Horatii
336 2194 420 2235 carm.
441 2180 470 2247 5,
490 2181 537 2247 28,
559 2177 606 2250 16,
635 2185 684 2259 aut
709 2176 806 2234 incerti
832 2186 934 2252 poetas
958 2175 1235 2255 5556Ρ551.Ι)ἰ55.

135 2292 166 2351 ρ.
178 2273 260 2344 83,4
279 2288 376 2329 uersus
394 2271 459 2329 satis
474 2270 606 2329 Romanis
626 2269 776 2328 uindicaui.
816 2269 888 2327 Vide
907 2288 985 2346 ergo,
1005 2288 1069 2328 num
1088 2268 1235 2347 probabile

134 2356 274 2424 sitdcam'
290 2364 436 2422 Furrinam
457 2361 588 2421 Ouidium
601 2383 624 2421 a
644 2364 772 2425 Varrone
790 2364 955 2442 explicatam
980 2363 1115 2421 inuenisse
1134 2360 1173 2418 ir.
1194 2363 1234 2421 15

137 2477 156 2517 a
180 2456 266 2531 ftuuo
293 2461 380 2516 noctis
405 2457 508 2515 c'oiorc.
546 2457 621 2514 Cum
644 2458 843 2535 uespertilionis
867 2458 918 2515 alis
943 2457 1054 2534 depicta
1077 2465 1195 2534 putatur
1217 2473 1236 2514 a

137 2552 302 2625 Gaio-ca
321 2570 350 2628 p.
361 2554 409 2609 ³9.
442 2550 550 2608 Eodem
566 2569 634 2610 uero
653 2552 700 2609 ilio
713 2550 825 2608 saeculo
839 2560 916 2608 sexto
929 2549 1023 2608 denuo
1034 2548 1154 2611 dedicati
1167 2558 1235 2608 sunt

135 2648 247 2717 115555,
266 2644 297 2718 5,
309 2644 442 2719 assisio
462 2644 570 2717 27,25,
590 2664 671 2722 quem
690 2638 757 2703 457
776 2646 804 2701 in
823 2642 1034 2720 indigitamentis
1052 2647 1232 2702 Honorinum

67 2810 70 2817 ἱ
133 2739 219 2797 inisse
238 2739 394 2815 accepimns
413 2746 443 2795 et
461 2742 547 2796 Meos
558 2740 588 2812 6,
598 2732 667 2812 241,
687 2738 722 2796 ir.
733 2738 839 2814 isuid.
858 2756 943 2815 supra
961 2756 992 2815 p.
1003 2754 1145 2796 cxxxrs.
1175 2738 1232 2806 Qui

135 2831 212 2910 sputi
232 2830 373 2890 Ouidium
388 2850 444 2889 nou
468 2841 551 2905 suot,
581 2834 717 2891 Virtutem
739 2833 857 2891 sortasse
881 2849 939 2889 non
961 2838 1070 2893 constat
1094 2840 1233 2888 uetustam

132 2926 230 3000 fuisse,
250 2924 523 2984 innueramus
543 2926 729 2983 testimouium
748 2926 834 2984 habes
853 2925 888 2983 dc
906 2924 925 2982 i.
945 2923 966 2981 1.
987 2923 1017 2998 5,
1036 2924 1087 2997 74,
1109 2924 1235 2995 Quietem

132 3022 217 3080 fuisse
233 3019 395 3094 Quietoisrs,
415 3019 491 3078 Fest.
509 3039 537 3097 p.
549 3020 619 3094 257,
632 3023 672 3076 54
685 3021 749 3096 sim,
770 3020 815 3078 aiii
832 3019 1025 3076 coniecerunt:
1044 3016 1081 3076 dc
1099 3017 1232 3075 feminino

131 3133 234 3193 955555
253 3116 340 3172 minus
360 3125 403 3173 est
421 3114 604 3187 haerendum,
623 3117 746 3173 Pacuuio
764 3124 791 3171 et
806 3112 948 3171 Psuiicitio
965 3112 1037 3170 dcco
1056 3111 1109 3169 dici
1127 3121 1231 3190 potue·

128 3220 197 3268 root
215 3219 247 3267 at
266 3209 428 3278 Fiussisoio,
447 3211 609 3277 Romilio,
629 3210 740 3283 Sanctio
758 3217 787 3266 et
806 3208 885 3265 abiro
901 3207 929 3263 io
949 3206 1085 3263 uocabula
1103 3207 1146 3288 uti
1158 3210 1231 3264 For·

130 3309 211 3361 iuno.
240 3303 427 3371 Quamobrem
442 3301 598 3361 (iouoortiiu
608 3300 756 3376 Ouidiana,
776 3301 833 3360 uid.
849 3320 879 3378 p.
889 3314 994 3372 cxxv,
1007 3298 1117 3355 saeculo
1130 3308 1231 3375 quarto

131 3394 260 3453 dedicata
278 3413 334 3453 nou
353 3395 437 3452 ualde
456 3413 500 3452 me
521 3397 644 3470 cruciats
657 3406 710 3452 nec
728 3396 794 3453 idco
811 3396 900 3452 minus
914 3392 1085 3451 mosacum
1104 3401 1134 3449 ct
1148 3394 1231 3450 2555-

133 3494 279 3565 pssioism,
299 3489 403 3546 saeculi
423 3489 493 3546 sexti
512 3488 630 3545 ineuntis
649 3504 723 3565 quse
745 3484 870 3544 fortassis
889 3494 971 3556 sunt,
997 3484 1055 3543 uid.
1077 3503 1107 3562 p.
1124 3500 1229 3556 cxxx,

132 3580 268 3654 cxxxv,
288 3583 426 3639 Graecam
452 3580 677 3638 consuetudinem
702 3578 808 3638 'referre
831 3594 941 3637 censeo.
980 3578 1112 3654 Namque
1127 3575 1230 3655 paucis

129 3684 195 3753 post
216 3675 355 3732 decenniis
374 3673 490 3730 Plautus
518 3692 552 3730 eo
579 3672 662 3739 niodo
688 3674 937 3748 decimatum,
958 3674 1136 3741 Lucurs'um,
1159 3673 1236 3727 isto-

128 3771 217 3846 piom,
236 3766 365 3825 Afranius
383 3768 543 3842 Sapientiae
561 3769 795 3843 parentes-Vsum
810 3777 841 3824 et-
852 3761 1038 3838 Meritorium
1051 3764 1128 3823 Geli.
1144 3766 1232 3838 13,8,

128 3861 158 3918 in
176 3879 287 3921 scenam
307 3860 508 3939 produxerunt.
544 3859 586 3917 Ea
606 3871 753 3938 poetarum
771 3862 967 3919 licentiarusus
983 3858 1112 3931 Ouidius,
1132 3874 1168 3915 nc
1188 3855 1231 3913 di·

126 3972 188 4013 cam
207 3957 319 4028 abusus,
338 3959 486 4014 launoium
504 3954 566 4012 loco
586 3953 670 4012 modo
689 3953 810 4011 indicato
825 3954 923 4011 maluit
942 3949 1109 4010 comminisci
1129 3957 1158 4006 ct
1179 3966 1231 4006 ne·

125 4064 194 4124 gare
216 4050 372 4128 antiquitus·
390 4050 492 4108 cultum
512 4067 541 4105 5.
558 4045 608 4122 75,
627 4050 675 4122 76,
701 4066 787 4126 qnam
815 4055 845 4105 et
871 4047 960 4123 ipsam
985 4046 1062 4102 socio
1083 4040 1230 4117 Gupiioiin

123 4143 236 4221 uronis,
255 4146 326 4222 Aug.
342 4161 367 4203 c.
386 4141 416 4201 o.
434 4144 465 4218 4,
485 4146 533 4217 23,
553 4149 583 4201 st
600 4141 719 4201 alterum
738 4139 774 4200 ad
793 4141 896 4201 circum
915 4139 1075 4208 Maximum,
1094 4135 1157 4198 Liu.
1173 4138 1224 4212 56,
