2550 4574
135 294 226 345 CXXX
516 284 560 333 na
582 282 723 331 AEDIBVS
744 280 854 329 necata

135 447 241 527 copiaco
260 438 392 502 Ouidium
412 434 566 495 emotionem
585 433 617 510 b,
625 436 693 496 719.
732 432 867 493 Dedioota
885 448 921 491 aa
938 429 1024 491 cedee
1041 438 1087 490 est
1104 447 1181 490 anno
1200 433 1237 493 V.

134 536 245 599 num
263 534 475 607 decimonono,
494 538 642 608 postquem
661 535 729 587 nota
747 536 792 586 eet
809 535 882 586 tecte
899 525 982 585 Liuio
999 525 1049 599 34,
1062 523 1112 585 bd.
1151 526 1238 585 Com·

135 638 303 693 memoratur
322 632 491 703 postremum
510 620 623 681 aLiuio
642 625 692 693 to,
708 626 754 682 1³.
793 620 867 679 Nam
886 638 905 678 a
922 620 1017 678 Dione
1033 619 1098 677 loco
1115 618 1238 679 indicato

138 716 225 800 litim
245 720 358 800 quidem
367 704 397 792 ἢ
417 708 553 792 δημοσία
572 706 744 793 καλουμένη
764 715 936 788 nominatur,
963 711 1013 771 oed
1038 729 1133 790 neque
1156 713 1239 770 tertia

135 820 182 876 illa
200 812 350 894 appellatio
370 805 491 882 additur,
508 815 539 867 et
558 807 650 867 debite
665 816 859 887 argumentum
878 815 1024 885 peteretur
1041 824 1078 864 ex
1095 822 1143 879 eo,
1161 804 1239 884 quod

135 910 252 969 editiora
270 906 333 963 loce
349 900 466 960 fulmine
482 901 568 977 magio
585 898 735 978 feriuntur,
755 909 852 959 oonba
868 918 937 959 uem
956 898 1024 959 illud
1039 898 1238 957 ualidissimu-

136 1013 198 1078 oet,
209 1002 270 1059 ¹nini
289 994 355 1057 iam*
362 993 470 1074 pridem
489 994 517 1051 iu
537 994 705 1054 obliuionem
724 996 850 1055 coeeluet
865 1012 901 1054 ea
919 992 1021 1069 dedeo,
1041 1000 1137 1053 nomm
1156 992 1239 1051 dedi-

136 1094 251 1156 cationis
270 1091 369 1150 adame
386 1086 514 1146 debuine
531 1089 560 1147 in
577 1086 825 1150 imtbiliaffeenic.
856 1087 964 1147 Locum
981 1095 1090 1163 umen,
1108 1087 1158 1145 ubi
1175 1086 1240 1147 ue-

137 1191 190 1264 rit,
208 1204 264 1244 non
283 1184 358 1243 male
375 1199 410 1240 ex
428 1198 464 1239 eo
482 1179 627 1258 indegauit
644 1181 792 1257 Sacbsiur,
817 1180 893 1261 quod
912 1198 931 1239 a
947 1178 1100 1239 Plutarcho
1127 1190 1242 1260 quant.-

137 1283 193 1340 Ro.
213 1299 238 1338 c.
253 1282 318 1352 106,
329 1276 375 1334 -de
392 1273 458 1332 fort
472 1273 528 1337 Rc·
547 1293 573 1332 c.
586 1278 623 1333 10
640 1276 670 1334 in
689 1275 829 1355 Capitolio
846 1276 937 1353 ponito
956 1275 1066 1335 dicitnr.
1099 1274 1138 1333 ¹ld
1150 1275 1238 1333 -intcl-

137 1374 278 1452 ligendom
297 1370 406 1428 uidetur
420 1367 587 1446 Capitolium
601 1377 680 1429 uetoe
693 1386 784 1447 prope
801 1370 936 1448 templum
951 1369 1065 1443 Florao,
1084 1366 1142 1429 uid.
1154 1366 1238 1426 Varr.

122 1469 158 1527 l.
176 1468 198 1526 Ι.
216 1463 333 1541 5,158,
355 1463 385 1520 in
403 1470 527 1520 extrema
546 1472 576 1520 ct
593 1461 774 1520 remotissima
791 1462 892 1521 montis
912 1462 1063 1533 Quirinalia
1079 1476 1151 1534 oro,
1177 1459 1237 1521 uid.

137 1559 226 1619 Nard.
245 1564 276 1633 2,
294 1576 324 1634 p.
336 1553 374 1613 85
392 1574 436 1632 aq.
475 1553 544 1613 Sine
566 1555 649 1632 igitur
673 1564 768 1629 extra,
794 1556 854 1633 ciue
876 1557 951 1616 intra
967 1553 1146 1637 pomoerium
1163 1552 1238 1629 duit,

137 1661 267 1712 accurate
286 1651 339 1708 boc
355 1645 508 1727 respondet
525 1648 618 1708 uerbo
636 1647 726 1707 Verrii
744 1648 854 1726 Flacci,
881 1652 981 1730 quibus
999 1651 1116 1709 alteram
1135 1647 1239 1706 Form-

139 1762 193 1803 nae
212 1743 343 1813 Rublicae
360 1740 476 1815 aedem,
495 1757 591 1799 menae
610 1742 696 1820 Aprili
716 1741 890 1818 dedicatam,
908 1744 945 1801 cb
963 1740 1187 1811 iilonetootiori,
1205 1748 1239 1798 ut

138 1848 226 1916 puto,
259 1834 418 1913 distinguite
452 1831 667 1897 FORTVNAE
680 1876 689 1895 .
702 1834 890 1895 PVBLleE
904 1876 913 1896 .
926 1833 1088 1895 ctTuRto
1105 1872 1136 1895 ..
1155 1875 1163 1894 .
1179 1832 1238 1893 ΙΝ.

139 1929 279 1989 COLLE.
317 1928 361 1987 De
379 1928 506 1987 Fortuna
523 1928 651 1988 citeriore
668 1937 698 1988 et
716 1929 796 1987 breui
813 1948 887 2008 quae
904 1928 1116 2009 philosophatur
1133 1927 1238 2005 Foggi·

139 2025 210 2095 uiuo,
229 2025 292 2100 lege
310 2020 386 2100 apud
405 2022 506 2100 ipoum.
536 2022 623 2081 (lollio
638 2023 751 2081 citerior
761 2023 912 2091 Quirinalis
930 2031 974 2082 eat
991 2022 1107 2081 dedicio
1123 2022 1153 2079 in
1169 2020 1239 2080 aol-

138 2118 192 2176 lom
211 2118 330 2190 Quirini,
349 2131 422 2193 quae
439 2114 541 2179 otour
557 2133 575 2174 a
592 2114 725 2175 quenale
742 2119 852 2185 2133.
890 2116 933 2174 lta
952 2119 1025 2175 enim
1044 2132 1081 2174 ex
1099 2114 1240 2172 menbra·

139 2214 182 2270 nia
200 2209 392 2270 lileldemibuo
410 2209 581 2287 potissimum
600 2207 674 2267 edidi
692 2208 769 2286 opud
788 2207 931 2269 Ouidium.
970 2211 1059 2270 lotaec
1076 2226 1147 2267 nero
1165 2208 1240 2266 For·

139 2314 225 2363 tunae
243 2302 376 2360 Publicae
393 2300 478 2361 nedae
497 2319 516 2359 o
533 2319 590 2379 quo
609 2309 639 2360 et
655 2302 769 2380 quando
786 2301 916 2362 dedicata
933 2303 980 2378 cit,
998 2320 1035 2361 ex
1052 2312 1114 2361 toto
1133 2320 1180 2361 me
1197 2303 1240 2360 ln·

139 2407 191 2473 tet,
211 2414 263 2454 nec
281 2412 396 2472 acquam
415 2402 528 2473 practer
546 2412 632 2473 snpra
650 2395 800 2455 indicatum
812 2396 909 2456 Dionia
923 2395 1015 2455 locum
1028 2396 1240 2456 commemorari

139 2508 202 2550 eam
220 2490 355 2547 existimo.
536 2496 540 2505 '
883 2519 887 2525 ·
995 2545 998 2549 .

215 2582 347 2641 Aedem
367 2580 468 2639 ionio
486 2579 671 2657 Victoria,
695 2598 779 2659 quem
798 2582 840 2641 ld.
860 2584 948 2661 April.
972 2582 1128 2642 dedicatam
1153 2580 1240 2641 tredit

140 2675 269 2752 Ouidius,
288 2684 381 2734 uotam
400 2690 463 2732 ecoe
480 2691 499 2732 a
517 2673 557 2742 Q.
574 2673 663 2732 Fabio
682 2675 803 2734 Maximo
821 2677 955 2735 Rulliaoo
972 2694 1048 2735 anno
1067 2677 1103 2734 V.
1122 2675 1159 2735 C.
1177 2675 1240 2733 458

139 2774 234 2829 narrat
253 2770 347 2828 Liuius
366 2770 415 2843 10,
428 2769 482 2841 ²93
507 2779 705 2827 commemorat
723 2771 764 2828 bia
783 2770 838 2828 Dio
855 2770 968 2829 Consiua
986 2786 1060 2828 anno
1079 2769 1116 2830 V.
1129 2770 1165 2827 C.
1177 2771 1238 2827 712

138 2872 169 2922 et
181 2867 238 2921 807
245 2864 298 2923 lib.
312 2864 362 2937 47,
372 2862 411 2917 40
425 2869 454 2918 et
466 2862 516 2936 60,
525 2862 573 2918 35.
602 2860 647 2921 De
664 2865 778 2943 regione
795 2864 903 2923 decima
920 2864 954 2925 P.
967 2863 1074 2922 Victori
1091 2860 1162 2921 tideo
1181 2880 1239 2920 non

138 2966 187 3016 eet·
199 2955 337 3017 babendo.
1057 2966 1061 2973 ’

211 3049 345 3106 Atrium
364 3046 585 3121 Libertatis,
611 3047 688 3124 quod
705 3050 803 3110 iisdem
822 3050 915 3108 ldibuo
936 3050 1022 3128 April.
1041 3050 1237 3126 inauguratum

137 3142 286 3200 memoriae
303 3139 426 3219 prodidit
444 3140 530 3210 Naso,
550 3141 696 3218 nescimus,
715 3154 821 3222 quanto
840 3145 973 3220 temporis
989 3144 1079 3220 spatio
1100 3151 1169 3201 aete
1187 3160 1238 3201 an-

138 3251 203 3291 uum
223 3234 282 3291 542
304 3241 460 3293 extructum
485 3233 579 3293 suerit.
618 3235 703 3292 Tunc
729 3238 801 3294 enim
827 3237 946 3314 primum
970 3245 1238 3293 commemoratore

137 3325 218 3384 Liuio
243 3327 293 3402 25,
314 3331 352 3401 73
385 3336 484 3405 postea
508 3328 690 3386 instauratum
715 3328 788 3385 idern
818 3329 902 3385 tradit
926 3328 976 3398 34,
994 3330 1033 3385 44
1059 3328 1101 3385 bia
1127 3328 1238 3387 uerbicz

137 3419 250 3478 Atrium
268 3418 422 3478 moroan
445 3424 474 3477 et
495 3419 566 3484 ailla
583 3419 693 3498 potura
711 3412 746 3479 ab
764 3420 862 3479 liudem
879 3420 985 3494 refecto
1003 3418 1236 3499 amplificandae.

136 3511 223 3586 Alibi,
243 3515 291 3582 43,
303 3513 351 3587 16,
371 3513 425 3570 itae
451 3530 576 3571 ccccm
597 3514 739 3592 catmtplo'
755 3517 786 3572 io
804 3516 916 3573 daiam
935 3513 1089 3573 ubemur
1111 3512 1237 3572 monado-

135 3610 213 3679 raot,
232 3611 259 3661 at
276 3602 315 3662 ibi
332 3607 453 3680 &pactio
470 3604 580 3663 tabellio
598 3604 713 3682 publicio
724 3607 877 3685 olooooqoo'
887 3604 1028 3664 tobcrlario
1041 3616 1097 3667 eto.
1124 3605 1238 3665 Pootre·

135 3712 182 3753 mo
200 3695 250 3768 46,
267 3699 319 3753 15:
341 3704 375 3754 ct
397 3712 434 3754 ea
457 3704 578 3773 pabor
600 3698 717 3758 arbonis
736 3700 861 3759 mooun
882 3718 970 3758 auom
992 3698 1136 3777 paloaria
1154 3701 1238 3759 Aera

135 3785 289 3845 utalaae
307 3793 474 3848 sortirentur
487 3790 653 3865 (censores),
671 3796 701 3850 io
720 3812 803 3869 qrrom
822 3812 915 3853 amone
933 3786 980 3870 qa
998 3796 1159 3851 acumem
1175 3808 1238 3850 eor-

134 3881 240 3937 uicaeot
258 3884 427 3942 conticerent.
466 3883 510 3941 ldx
530 3882 571 3941 bis
597 3884 664 3942 locis
690 3886 794 3963 liquido
820 3896 939 3965 apparet
962 3886 991 3945 id
1010 3888 1117 3945 dtn'um
1141 3887 1238 3944 cenam

136 3972 275 4031 censendo
294 3985 324 4033 et
341 3976 500 4037 censoribus
522 3977 679 4038 incerniioce
700 3979 799 4037 eodem
824 3980 886 4039 fere
905 3979 1011 4054 modo,
1037 3997 1094 4057 quo
1113 3978 1152 4037 de
1169 3978 1239 4035 nilla

133 4067 244 4142 publica
263 4067 291 4126 id
311 4078 408 4128 notmn
426 4080 468 4129 eat
487 4088 521 4130 ex
540 4069 620 4129 Liuio
638 4073 720 4147 4,22
733 4073 797 4130 coil.
817 4074 945 4145 Varrone
963 4072 1000 4131 de
1018 4090 1051 4131 re
1068 4082 1140 4130 rorat.
1156 4076 1188 4147 3,
1205 4075 1237 4130 2.

133 4158 231 4237 ltaque
249 4163 420 4241 quod'certo
434 4182 491 4223 non
509 4172 629 4242 cunctat,
647 4182 701 4227 nec
718 4174 811 4225 tamen
830 4166 1086 4244 improbabilem,
1105 4164 1162 4225 boc
1179 4172 1237 4240 eat,
