2550 4574
534 276 687 329 amacura
722 258 725 271 '
1005 280 1169 339 comm
1231 264 1234 269 ’

65 427 193 507 Aprilem
216 420 361 486 translatio
386 427 452 487 satis
477 428 598 508 placeat.
635 429 680 489 Do
703 438 787 507 togae
811 427 900 508 parto
922 430 1100 493 sollemnibus
1118 435 1167 515 qui

66 523 240 599 scripserunt
259 520 416 580 indicantur
433 540 452 580 a
471 521 573 581 Beiero
592 521 628 580 ad
650 523 709 590 Cic.
723 522 901 595 Lael.c.10,
921 528 1007 598 §.³3,
1025 545 1056 605 p.
1066 529 1105 617 56
1117 528 1165 601 ed,
1261 548 1264 553 ·

66 616 199 674 Tenba.
224 617 304 673 Hauc
323 614 406 692 igitur
423 615 540 676 alteram
559 616 661 675 ueteris
681 626 813 674 romanae
832 617 970 694 religionis
984 629 1092 695 partem
1106 622 1165 681 exi.

68 710 174 778 stimo.¹
198 708 319 767 Dubium
339 727 394 766 uun
415 717 468 782 est,
488 711 554 786 quin
573 727 610 767 ex
628 719 748 800 utraque
767 727 884 786 graecae
902 710 1058 789 theologiae
1077 714 1165 781 bene·
1186 740 1189 749 =
1270 743 1273 747 ·

66 803 132 861 ficio
150 803 291 861 luculenta
309 800 412 861 Bacchi
431 821 512 861 sacra
531 802 743 877 maluissent,
763 804 814 862 nisi
832 821 867 862 ex
885 803 917 862 S.
934 805 968 863 C.
988 822 1062 866 annu
1079 807 1116 867 V.
1129 809 1164 871 C.

67 898 134 967 566,
150 916 212 955 cum
226 897 372 972 gliscerent
387 897 521 967 licentius,
542 915 668 974 repressa
683 896 810 958 fuissent.
839 899 911 955 Hinc
924 899 1071 975 igiturest,
1087 902 1163 980 quod
1196 923 1199 929 ·

66 1008 160 1049 mrum
180 991 300 1049 omnium
322 989 398 1067 apud
418 990 545 1049 Graecus
563 990 736 1048 sollemnium
756 1011 813 1050 nou
835 992 886 1050 nisi
911 994 1007 1051 umbra
1027 996 1164 1073 quaedam

67 1093 288 1163 rssurpata-est,
315 1093 346 1141 ut
371 1101 456 1161 supra
481 1083 537 1141 diri
562 1102 766 1162 poturus
797 1104 861 1163 prux
876 1087 984 1145 bacchis
1008 1086 1163 1147 furentibus

67 1196 138 1237 auus
150 1178 302 1252 innocuae,
322 1195 376 1254 pro
395 1177 477 1253 orgiis
495 1178 607 1236 secretis
626 1177 776 1236 discubitus
794 1180 932 1257 publicus,
951 1199 1003 1258 pru
1024 1181 1089 1239 uino
1107 1181 1163 1241 libs

65 1271 180 1328 medita.
259 1308 262 1314 -
548 1328 553 1336 ,
1144 1292 1149 1298 ·

144 1364 331 1421 Tellurem
351 1381 406 1421 uon
425 1364 484 1421 sine
502 1363 691 1423 causavarm
707 1366 846 1425 coniunxit
862 1385 925 1425 cum
938 1365 1003 1445 Ope
1017 1376 1047 1426 et
1059 1368 1163 1447 Magna

64 1467 172 1530 anatra,
190 1455 226 1515 l‘r.
240 1460 290 1531 16,
309 1462 382 1535 quae
400 1457 478 1538 apud
495 1458 677 1535 Augustinum
694 1457 764 1519 fr.2
782 1479 837 1519 non
856 1471 1069 1522 enumeranturc
1093 1464 1163 1523 leni·

64 1552 119 1607 bus
137 1551 210 1609 enim
229 1569 292 1608 sese
314 1552 456 1624 attingunt
475 1549 683 1613 discriminibus.
726 1553 871 1628 Tblbtrum
894 1553 1087 1627 artemonem,
1106 1557 1163 1617 At-

65 1651 161 1714 torun,
181 1648 319 1703 lesuram
337 1662 355 1703 a
374 1645 505 1711 Varrone
522 1645 677 1703 nominatos
696 1664 731 1705 ex
750 1646 960 1724 indigitamentis
979 1648 1097 1725 proferri
1115 1651 1163 1709 in-

64 1737 171 1797 tellexit
190 1738 385 1797 Ambroscbius
404 1740 484 1814 5.,63
503 1755 582 1810 anm,
600 1756 656 1796 nou
676 1748 768 1797 tarnen
787 1741 853 1808 satis
871 1742 1034 1800 obseruaase
1052 1743 1163 1803 uidetur

63 1849 100 1889 ex
123 1831 175 1889 illia
199 1830 466 1909 indigitamentorum
493 1830 681 1890 iterationibus
705 1844 770 1891 nata
787 1832 898 1892 demum
922 1836 1034 1895 numina
1058 1837 1162 1897 maiora

63 1934 95 1982 et
113 1925 229 1998 selecta,
248 1944 303 1982 nou
323 1928 436 1984 subesse
457 1925 500 1982 iis.
538 1925 624 1983 Velut
638 1927 737 1985 Tellus
755 1928 830 1986 culta
849 1938 892 1987 est
909 1929 985 1987 seriis
1004 1930 1161 1989 sementinis

63 2037 129 2076 cnm
144 2019 259 2093 Cerere,
279 2018 460 2094 On.1,671‚
480 2029 509 2078 et
528 2019 689 2080 Fordicidiis
708 2022 803 2098 paucis
821 2022 919 2080 diebus
937 2031 1002 2101 post
1017 2023 1161 2098 Cererem,

64 2113 94 2180 t,
106 2111 173 2169 665.
213 2112 434 2190 Quaeri-possit,
455 2132 521 2170 uum
539 2113 691 2171 secuudum
712 2115 932 2190 indigitamenta,
953 2116 980 2172 in
1000 2117 1100 2193 quibua
1117 2127 1161 2177 tot

63 2203 111 2263 dei
129 2206 270 2283 agricolae
289 2207 381 2264 traditi
400 2217 475 2281 sunt,
495 2205 559 2263 uide
578 2226 662 2322 supra
681 2226 710 2284 p.
721 2224 898 2279 ccxxxvn,
916 2208 953 2266 ad
966 2210 1160 2285 agriculturam
1265 2204 1270 2213 ’

63 2316 155 2374 aeque
173 2301 345 2376 pertinuerit,
365 2310 451 2377 atque
469 2299 506 2356 ad
526 2298 593 2381 deos
613 2301 726 2370 micros,
745 2309 829 2377 prout
848 2302 950 2377 legitur
967 2303 994 2359 iu
1012 2303 1160 2365 Deciorum

63 2391 213 2449 deuotione
231 2392 294 2450 Liu.
309 2398 337 2463 8,
348 2396 384 2466 93
405 2399 450 2461 10,
464 2396 512 2450 29.
551 2393 582 2450 Si
602 2395 718 2451 mutauit
736 2392 857 2450 officium
876 2394 930 2450 dea
948 2394 1061 2468 Sabina,
1082 2417 1159 2456 cum·

62 2486 182 2541 mutauit
201 2504 262 2541 cum
277 2485 341 2564 Ope
357 2488 469 2543 numine
483 2486 646 2544 Latinorum
666 2504 755 2562 aeque
775 2494 895 2559 uetusto,
915 2489 1018 2567 quippe
1035 2492 1064 2547 in
1083 2478 1159 2568 regia

63 2596 127 2635 cum
147 2579 195 2651 iia,
215 2597 284 2654 quus
303 2580 497 2639 Ambruschius
516 2580 664 2653 indicauit,
684 2579 743 2636 deis
762 2580 845 2637 culto.
883 2580 973 2638 Varro
992 2582 1030 2640 de
1049 2583 1067 2642 Ι.
1088 2584 1107 2642 l.
1127 2589 1158 2659 6,

62 2677 168 2745 2l„eu
188 2673 215 2728 in
234 2673 296 2730 locu
316 2671 408 2750 Opem
428 2675 586 2732 Consiuiam
607 2673 707 2730 dictam
728 2672 821 2751 prodit
846 2682 874 2732 et
899 2674 972 2732 idem
997 2676 1056 2734 siue
1074 2677 1158 2735 dubio

62 2765 130 2822 olim
149 2767 249 2823 Festus
268 2787 296 2844 p.
313 2770 380 2836 249,
396 2771 432 2824 17
451 2767 526 2825 dent.
571 2767 616 2826 De
636 2766 701 2844 Ope
721 2768 796 2824 Tatii
822 2767 895 2842 regis
921 2769 996 2846 apud
1021 2770 1101 2828 Varr.
1122 2768 1158 2828 de

62 2861 84 2917 l.
99 2859 118 2917 Ι.
134 2861 163 2932 5,
177 2863 217 2925 74
237 2863 312 2919 uarie
331 2861 445 2918 iudicari
464 2872 565 2937 puteat.
600 2859 662 2938 Ops
677 2860 806 2918 Consiuia
825 2859 943 2936 primum
964 2861 1038 2918 tulta
1057 2872 1099 2919 est
1113 2879 1158 2928 aee

62 2955 180 3028 paratim
200 2953 264 3011 vlit
276 2954 324 3011 Kl‘
339 2955 421 3032 Sept.
458 2956 567 3013 Deinde
585 2975 636 3013 cur
654 2974 716 3017 cum
736 2954 858 3011 Saturno
878 2955 1022 3010 coniuncta
1041 2956 1087 3027 sit,
1099 2953 1158 3021 du·

63 3057 109 3103 cet
127 3047 227 3105 Festus
246 3068 276 3126 p.
292 3051 357 3122 186,
370 3050 418 3121 25,
443 3048 546 3107 scilicet
571 3060 687 3127 propter
712 3047 795 3104 cilicii
822 3048 1055 3121 communionem3
1080 3056 1159 3123 post·

63 3158 147 3215 quam
165 3140 241 3197 feriis
260 3140 362 3212 (Matr.
375 3154 427 3199 sat.
443 3145 536 3215 1‚10)
555 3155 584 3201 et
603 3142 707 3219 templo
728 3140 803 3214 (Liu.
817 3142 866 3212 39,
881 3143 918 3194 22
933 3148 962 3195 et
972 3137 1090 3197 fortasse
1103 3139 1158 3199 Fe·

61 3241 120 3291 atus
140 3252 170 3309 p.
183 3237 249 3307 189,
262 3238 302 3289 20
314 3236 384 3309 sin.;
402 3234 436 3292 P.
450 3237 591 3294 Victorem
604 3237 724 3312 insuper
742 3234 846 3304 babeo)
865 3233 1012 3298 coniuncta
1030 3243 1090 3308 est,
1114 3234 1158 3291 in·

61 3326 237 3384 terueniente
260 3327 355 3385 fabula
375 3347 476 3406 graeca
495 3330 625 3407 deposuit
643 3327 710 3385 illud
730 3325 892 3383 conserendi
911 3325 1030 3383 cilicium
1049 3327 1158 3386 babita-
1258 3345 1261 3352 ·

60 3437 118 3495 que
137 3430 180 3476 est
198 3438 250 3496 pro
263 3423 365 3496 Terra,
385 3421 619 3499 quemadmodum
634 3412 704 3478 ‘Pte
719 3421 891 3477 Graecorum
910 3439 928 3478 a
946 3420 1056 3496 tragicis
1075 3422 1158 3482 etiam

61 3512 266 3582 uetustioribus,
287 3515 342 3572 uid.
357 3516 488 3573 Clausen.
505 3535 534 3592 p.
546 3518 576 3587 9,
596 3518 721 3572 55517.
761 3513 906 3571 Vetustam
924 3515 990 3572 satis
1006 3532 1067 3572 esre
1086 3513 1159 3572 banc

61 3599 132 3679 Opis
152 3605 406 3682 interpretationem
426 3627 443 3664 a
462 3610 588 3666 Varrone
607 3608 643 3666 de
663 3608 751 3680 Ι.Ι.5.,
763 3607 802 3665 57
820 3607 949 3665 traditam
969 3608 1070 3666 durent
1089 3608 1157 3664 ritus

60 3706 182 3772 ueoeres,
203 3699 328 3761 Macrob.
343 3712 396 3761 sat.
412 3706 441 3775 1,
454 3707 505 3759 10:
526 3705 600 3760 Huic
618 3701 684 3759 douc
701 3699 822 3760 tedam
839 3708 908 3761 uoto
925 3703 1082 3778 cenapium
1099 3709 1159 3760 tet-

60 3806 175 3866 rumque
192 3791 226 3848 do
243 3791 383 3850 industrie
401 3801 519 3870 mogunt
542 3795 616 3867 (cfr.
634 3795 671 3855 de
690 3795 805 3855 Tellure
823 3795 944 3855 eundem
962 3796 1000 3854 ib.
1019 3801 1049 3870 3,
1066 3797 1103 3870 9)
1128 3805 1158 3854 et

61 3883 137 3959 apud
150 3885 317 3958 Varronem,
338 3885 402 3943 uide
421 3906 507 3966 supra
525 3908 555 3967 p.
567 3906 728 3948 ccxxxvt.
768 3889 839 3946 Hinc
857 3887 959 3947 duride
976 3887 1038 3947 lieri
1054 3889 1158 3967 potuit,

61 3987 94 4033 ut
108 3975 225 4037 Ouidius
238 3981 269 4052 6,
280 3981 337 4036 279
355 3998 389 4037 ex
409 3979 474 4058 Ope
493 3981 637 4056 lunonem,
658 3982 800 4056 Cererem,
822 3980 938 4043 Vestam
957 3992 1037 4040 natas
1055 3984 1158 4041 scribe·

59 4079 113 4137 ret.
153 4071 239 4135 Vides
262 4071 303 4128 his
325 4074 552 4133 uicissitudinibus
571 4093 769 4153 usquequaque
788 4086 925 4135 uersatam
944 4078 1063 4155 priscam
1083 4076 1157 4134 Ter·

60 4180 110 4222 rae
135 4165 296 4241 religionem
316 4165 381 4223 nibil
408 4169 473 4225 noui
493 4179 541 4226 aut
560 4169 663 4246 egregii
681 4169 844 4251 prodidisse.
884 4161 960 4240 Quid
978 4185 1052 4234 esset
1071 4192 1157 4236 uene·
