2550 4574
508 260 602 310 coltll.
623 259 728 309 meno
1046 263 1163 317 mvn

47 410 154 499 pm
174 414 235 477 m.
253 413 416 495 nemesii,
434 432 595 496 quanquam
612 412 771 473 Labeonem
788 418 896 474 nomm
915 414 1053 477 nominoe
1077 416 1157 497 qnod

48 532 119 573 oum
137 513 166 571 is
185 510 271 571 οίίοω
288 510 319 569 in
336 509 408 568 libro
426 508 465 570 de
482 511 598 570 ostentis
614 507 723 584 feeerit,
742 507 790 566 nbi
807 507 1158 573 udet421ubeo'l'er·

50 606 169 667 deontis
187 604 273 665 libros
291 603 492 681 interpretum
509 611 540 662 et
557 601 595 661 de
611 600 771 660 fulminibus
790 609 990 660 commentatos
1007 619 1068 661 osse
1085 602 1158 663 dioi-

52 710 113 778 tus,
132 700 192 759 beo
208 698 239 757 io
257 714 291 756 re
306 695 470 774 Fulgentius
489 698 517 755 in
537 713 633 775 expos.
651 712 735 754 serm.
755 704 814 754 ont.
833 712 863 772 p.
874 695 933 751 769
951 693 1032 753 Stou.
1050 693 1158 756 boo&

53 794 234 867 sbsolnitns,
258 790 308 868 qni
325 789 424 848 similia
441 788 581 848 Labeonis
599 794 813 864 commemoret,
837 795 867 845 et
884 788 972 866 possit
989 787 1104 866 cogitosi
1121 789 1160 851 de

10 948 15 965 .
56 885 201 948 Cornelio.
212 884 362 954 Labeone,
387 901 445 942 non
463 882 598 955 Antistio,
623 881 663 939 oti
682 880 782 940 Hosius
806 889 910 940 oeuset.
948 881 1097 939 cneeum
1120 881 1160 942 ud

56 992 152 1041 nuum
173 977 330 1058 pertineant
347 963 422 1054 quoe
440 992 475 1034 ex
490 974 624 1033 Labeone
642 974 751 1052 profert
768 975 934 1052 Augustinus
952 972 990 1032 de
1007 974 1062 1033 oin.
1080 973 1111 1033 d.
1127 980 1159 1051 2,

44 1080 113 1150 .11;
133 1073 191 1147 143
211 1075 241 1147 3,
259 1068 323 1146 25,Ι
334 1072 366 1144 8,
386 1074 444 1145 133
462 1071 493 1144 9,
513 1070 561 1143 19,
581 1068 610 1125 in
629 1067 722 1126 medio
740 1068 876 1146 relinquo.
914 1068 960 1127 De
976 1077 1070 1128 oetete
1087 1069 1161 1128 Con·

46 1166 124 1227 'nelii
144 1162 298 1243 quaesitos.
336 1162 429 1222 Possit
452 1163 481 1221 in
506 1171 627 1221 mentem
651 1161 766 1236 uenire,
791 1160 929 1221 diuersum
955 1179 1012 1220 ooo
1037 1180 1098 1221 esse
1121 1163 1160 1221 ob

62 1260 197 1332 memus,
216 1255 354 1315 musmo
372 1255 448 1315 bone
464 1253 613 1334 eliquendo
632 1254 661 1313 in
680 1263 791 1331 gentem
811 1255 967 1314 Corneliam
987 1264 1016 1313 et
1033 1263 1161 1315 mosto-

24 1418 27 1425 ,
62 1354 123 1412 isso
140 1350 172 1409 in
190 1366 254 1408 eum
279 1365 435 1425 oogoomen
451 1350 641 1409 Antistiosom.
679 1347 713 1407 ld
731 1348 800 1426 quin
818 1348 859 1406 ite
876 1349 929 1406 tite
947 1346 1008 1407 fieti
1026 1350 1161 1426 potuerit,
1250 1342 1259 1369 ⁸

63 1447 107 1503 nix
123 1442 225 1502 dubito
242 1448 272 1499 et
289 1438 369 1517 (Qt)
387 1443 495 1501 Antistii
513 1440 652 1499 Lubeon'u
674 1449 752 1499 uetes
775 1440 916 1500 notissime
935 1451 979 1500 est
1001 1459 1037 1501 ex
1055 1442 1159 1503 Gellio.

63 1538 167 1596 ierom
183 1534 245 1593 eius
262 1535 425 1613 suspieioois
443 1552 528 1593 eouso
547 1533 624 1592 nullo
641 1532 734 1608 soret,
760 1532 812 1591 nisi
829 1531 916 1608 hoeo,
934 1534 1010 1613 qood
1029 1532 1103 1614 boae
1124 1553 1162 1597 ex
1261 1588 1266 1603 ,

68 1630 163 1690 Seio
178 1629 325 1703 uuoomoi,
343 1646 399 1687 non
417 1637 483 1685 suot
501 1627 589 1686 alienu
604 1627 641 1685 ub
654 1627 761 1688 Antistii
779 1631 983 1688 oommtosiio
999 1631 1071 1689 istis
1087 1647 1162 1708 pes·

67 1721 159 1800 efficii,
173 1723 238 1782 sius
254 1718 438 1799 poulipnolis,
462 1720 564 1780 deiude
581 1720 657 1798 qood
674 1719 833 1779 Msonobius
851 1724 882 1796 3,
899 1723 930 1797 9,
948 1741 979 1800 p.
993 1724 1054 1781 too
1071 1724 1161 1783 moni·

67 1818 135 1878 festo
152 1816 262 1875 Antistii
279 1814 536 1874 oommeutoriorom
561 1814 660 1872 librum
679 1822 809 1873 octonum
827 1816 1074 1892 etsemugesimum
1096 1817 1159 1875 solo

68 1910 227 1990 agnomine
250 1926 318 1969 usus
341 1909 453 1986 alleget.
490 1908 595 1966 Verum
620 1906 779 1965 eiusmodi
804 1906 929 1966 homiues
953 1920 984 1967 nt
1002 1910 1104 1969 Festus
1128 1919 1160 1969 et

69 2005 220 2064 lloesobins
237 2003 278 2062 ito
298 2012 423 2074 tontum,
440 2003 464 2061 si
482 2018 568 2058 nuum
587 2000 807 2079 exscripserunt,
825 2000 862 2059 od
881 2020 1055 2062 communem
1074 2020 1161 2061 oooo·

70 2099 177 2159 redonis
194 2114 321 2157 mimum
339 2097 495 2173 exiguntur.
535 2094 595 2152 Alio
619 2095 726 2153 notione
750 2113 816 2153 usus
835 2095 1000 2154 Voesseoius
1017 2094 1160 2154 unimode.

10 2188 15 2222 ³
71 2193 161 2271 pm
176 2200 295 2270 psopter
312 2207 364 2267 ee,
389 2208 462 2268 quoe
479 2187 555 2267 opud
574 2188 746 2247 Muetobinm
763 2207 793 2266 p.
803 2191 860 2246 268
878 2188 1025 2265 leguntur,
1049 2186 1161 2247 Corne·

10 2293 18 2304 '
73 2285 132 2344 lium
148 2284 310 2343 Labeonem
329 2283 469 2363 scripsisse
494 2291 560 2339 ente
582 2283 672 2359 legem
692 2281 867 2339 Hortensium
893 2280 930 2340 de
949 2279 1078 2339 nundinis
1102 2280 1161 2339 exi·

10 2382 22 2410 ·'
74 2377 194 2452 stimsuit‚
213 2394 298 2455 quarn
316 2377 405 2453 legem
423 2394 497 2434 enno
515 2375 551 2434 V.
568 2375 603 2433 C.
622 2378 681 2433 684
699 2392 760 2433 esse
778 2374 968 2452 assignandum
987 2374 1090 2433 ibidem
1109 2373 1161 2433 de-

10 2466 25 2501 '
75 2480 243 2529 momtrotom
263 2470 322 2528 init.
358 2469 389 2528 ld
406 2471 430 2528 si
447 2470 486 2527 ito
504 2469 589 2544 sonet,
608 2468 742 2546 cogitaret
759 2467 878 2527 fortasse
896 2470 958 2547 quis
974 2468 1011 2528 de
1023 2469 1155 2528 Cornelio

10 2560 27 2595 ⁸
76 2566 320 2623 commodorum
338 2565 483 2642 scriptore,
501 2572 545 2622 tes
562 2580 580 2620 e
595 2562 722 2621 Varrone
740 2559 778 2622 de
794 2564 814 2621 l.
828 2564 848 2624 1.
866 2573 1038 2641 nuncupato,
1056 2564 1105 2642 qui
1123 2563 1161 2621 ab

10 2658 19 2689 ¹
40 2688 43 2699 ·
74 2657 122 2715 elio
137 2658 294 2738 importuno
312 2658 476 2735 cognomine
493 2658 524 2731 5,
546 2658 603 2714 148
621 2656 732 2714 liberari
748 2658 846 2736 possit,
865 2659 890 2716 si
908 2655 947 2715 ite
965 2656 1089 2735 legatur:
1113 2674 1163 2716 ose

10 2741 26 2779 '²
72 2749 136 2827 quod
151 2753 198 2827 is,
228 2750 372 2811 muso
388 2749 453 2809 stilo
476 2757 595 2809 eeoulsse⁸
640 2749 699 2809 Sed
717 2750 874 2809 Macrobius
898 2750 918 2809 Ι.
937 2748 995 2811 ind.
1015 2768 1071 2808 non
1096 2748 1163 2808 diuo

10 2834 24 2869 ἓ
71 2844 135 2902 ullos
158 2862 196 2903 ex
217 2845 364 2903 nominetis
388 2864 406 2902 e
429 2862 461 2902 se
485 2844 575 2920 legem
596 2844 770 2902 Hortensium
788 2844 948 2920 ignoreme,
971 2842 1023 2901 sed
1041 2844 1113 2902 tueri
1130 2860 1163 2903 se

65 2939 190 3017 potuisse
207 2937 361 3015 patrocinio
380 2938 536 3010 uetustatis,
556 2945 585 2994 et
603 2936 772 2997 Niebubsius
790 2937 819 2996 b.
839 2937 876 2996 R.
894 2943 926 3011 2,
944 2956 974 3016 p.
984 2940 1042 2995 24³
1061 2936 1163 2995 iudicio

10 3022 12 3031 ’
64 3029 151 3108 Pigbin
176 3048 243 3089 sun.
263 3034 292 3105 1,
310 3047 341 3107 p.
355 3032 414 3089 409
439 3029 475 3088 de
499 3029 561 3107 lege
586 3027 645 3088 loto
667 3047 695 3089 o.
714 3030 750 3089 V.
770 3031 804 3088 C.
823 3031 880 3087 466
907 3030 1031 3088 occessit.
1079 3028 1162 3089 Aliud

61 3122 147 3183 etiam
173 3132 366 3200 augumentum
392 3122 429 3180 de
454 3132 547 3181 aetate
565 3123 651 3181 Corn.
670 3122 809 3180 Labeonis
835 3122 894 3200 peti
919 3130 1013 3198 posset
1039 3121 1163 3181 eFesto

59 3234 93 3295 p.
105 3217 164 3273 1³⁴
177 3214 286 3290 Muell,
304 3216 352 3273 obi
369 3214 445 3293 quod
464 3215 501 3275 de
514 3215 583 3273 Maii
601 3217 701 3276 mensis
719 3215 872 3292 oeriloquio
891 3224 1061 3292 postremum
1079 3217 1165 3296 poni·

58 3320 125 3368 tort
151 3326 190 3367 ost
209 3308 282 3385 qood
299 3311 356 3387 ipsi
373 3310 433 3385 (issi
451 3310 542 3368 solent
559 3309 663 3367 bebere
682 3308 778 3381 codd.)
803 3307 869 3366 deos
886 3309 917 3365 io
934 3308 1030 3369 mollis
1047 3312 1163 3370 nouus

58 3399 226 3461 domus
242 3399 382 3475 sonipieio
399 3400 503 3475 plebani
521 3441 530 3460 .
551 3442 559 3460 .
568 3442 578 3472 ,
603 3404 664 3460 siue
681 3402 845 3460 Muellerum
863 3404 1005 3480 sequeris,
1022 3405 1082 3462 siue
1099 3421 1163 3462 mo-

55 3495 114 3553 lise
134 3493 209 3571 quod
229 3494 284 3571 Opi
301 3493 379 3571 douo
398 3504 486 3554 totum
505 3494 574 3553 illud
594 3494 716 3555 Cormfii
734 3495 871 3554 Labeonis
890 3494 966 3573 opud
980 3495 1069 3555 Meos.
1086 3501 1115 3570 l,
1126 3500 1164 3553 12

55 3586 167 3668 pado
186 3589 350 3647 seutentiam
375 3589 518 3648 oontioere
543 3586 663 3647 uidetur.
703 3589 811 3647 Temen
835 3590 859 3647 si
884 3588 930 3648 uel
948 3589 1062 3648 Verrius
1079 3589 1164 3648 Fleu-

55 3700 114 3741 ω
131 3680 194 3741 eim
212 3681 289 3741 libris
307 3683 348 3740 uti
365 3683 469 3761 potuit,
489 3680 622 3742 Ouidium
640 3683 764 3762 potuisse
782 3683 830 3742 uix
848 3683 984 3761 sequitur,
1004 3701 1084 3743 usum
1101 3699 1164 3742 esse

56 3777 258 3854 5,e1-1oe
276 3795 333 3836 non
351 3784 469 3836 constet.

141 3867 263 3928 Ouidius
280 3869 319 3927 de
336 3867 449 3927 historie
467 3868 532 3926 enni
550 3868 671 3928 Romani
689 3873 719 3945 3,
733 3868 884 3927 99-154
901 3869 1046 3948 uulgarem
1066 3868 1166 3928 docto·
1229 3872 1232 3879 “

59 3982 128 4022 rum
146 3980 217 4023 suae
235 3961 335 4023 aetatis
352 3971 382 4020 et
399 3961 560 4040 posterioris
580 3963 739 4040 opinionem
757 3961 900 4039 sequitur,
919 3961 1029 4041 qualem
1049 3962 1164 4040 exponit

60 4057 192 4116 Moomb.
212 4061 242 4132 1,
261 4061 300 4114 12
317 4063 347 4114 et
366 4062 421 4130 13,
440 4064 470 4113 et
488 4056 564 4112 ouius
582 4055 781 4114 netomtiss'nnos
799 4064 926 4117 auctores
945 4056 1113 4114 Censorinus
1133 4057 1163 4127 Ι,

60 4154 115 4227 2⁰,
134 4168 166 4230 p.
180 4151 237 4211 106
255 4149 379 4224 lunium,
404 4149 537 4210 Fuluium
554 4157 584 4208 et
603 4148 759 4210 Varronem
782 4147 887 4226 prodit.
924 4148 1061 4210 Vixerunt
1079 4146 1108 4207 bi
1126 4162 1163 4206 eo
