2550 4574
430 240 521 285 rnsrr
542 238 617 285 nocr
639 241 798 288 svrrnnrr
1041 246 1161 309 xxxin

6 408 12 421 ·
67 386 122 465 Ego
148 404 246 466 neque
269 387 371 463 miror,
395 404 487 467 neque
510 390 645 469 suspicor.
695 389 815 451 Primum
839 392 912 451 inter
937 392 997 453 dies
1021 392 1161 455 hominum

23 506 28 515 ·
70 498 145 539 mmo
158 481 324 540 confitetor
342 481 419 540 locus
434 482 476 541 nis
494 482 600 543 feristis
616 483 715 551 debus
735 485 827 544 nullus
845 493 916 543 erat.
946 485 1055 546 Deinde
1071 488 1161 551 Vsrrn

14 596 31 609 ·
72 592 120 631 non
136 583 252 633 enurrot
270 575 391 652 quaein
409 574 487 635 fustis
503 577 658 655 perscripto
675 577 789 652 luerint,
805 576 856 636 sed
876 578 1022 653 uocabulo,
1040 597 1113 656 quoe
1132 580 1162 649 in

73 666 201 727 lorninoro
221 685 272 725 ors
290 675 394 726 essem.
432 668 586 727 Verisimile
604 680 697 729 entem
723 679 767 729 est
784 687 833 729 cos
851 669 910 729 dies
929 689 988 739 usu,
1000 672 1167 747 quotidiano,

75 760 224 845 sinpliciter·
245 759 361 819 feriatos
384 759 474 819 dictos
496 761 591 821 luisse.
636 763 713 841 Ergo
737 763 800 841 qnia
827 773 920 821 tomen
939 761 991 819 NP
1008 754 1168 840 significare

71 851 165 931 aliquid
190 852 290 923 debet,
317 855 486 911 conueniens
512 866 555 913 est
579 854 645 913 niliil
671 876 727 916 non
754 857 868 933 uulgare
885 855 1029 915 subiicere.
1068 855 1161 915 Credo

69 945 186 1005 nefntns
203 946 356 1025 principio,
382 948 422 1005 oti
440 947 538 1005 Vooss.
558 966 588 1025 p.
598 951 673 1023 265,
701 948 746 1007 uel
773 948 894 1007 nefastos
912 959 993 1026 porte
1017 949 1160 1027 explicen-

8 1072 15 1126 μ
66 1037 139 1097 dun.
167 1039 234 1097 Pio
252 1036 473 1118 inscriptionibus
491 1058 577 1118 saepe
593 1049 703 1118 portem
721 1050 809 1099 ontnt.
837 1045 883 1100 Po
899 1061 952 1119 pro
970 1048 1050 1119 ports
1068 1042 1096 1099 in
1115 1059 1160 1103 ta·

8 1168 10 1177 ›
64 1132 123 1190 listi
138 1133 262 1191 tormine
280 1142 334 1207 est,
355 1143 425 1191 teste
443 1132 528 1203 Festo
546 1151 577 1210 p.
589 1134 658 1208 205,
674 1139 709 1191 ll
728 1133 826 1192 Muell.
864 1136 924 1194 Cur
939 1142 1047 1212 putrore
1065 1135 1161 1195 moliot

63 1222 153 1299 docti,
171 1225 220 1302 qui
239 1229 415 1303 potissimum
432 1226 606 1303 relinquant,
626 1245 682 1287 uno
700 1227 792 1285 uideo.
830 1226 897 1295 Dies
914 1227 984 1303 ltus,
1006 1227 1043 1285 de
1062 1228 1166 1306 quibus.

60 1318 185 1395 agimus,
209 1317 355 1383 intercisos
372 1336 430 1377 non
447 1317 583 1396 appellari
607 1319 731 1395 potuisse
744 1336 790 1393 lex
808 1319 940 1379 Varronis
958 1319 1050 1398 uerbis
1067 1321 1097 1397 ᾖ.
1113 1324 1159 1376 31.

59 1422 168 1469 certum
187 1422 241 1471 est.
281 1410 368 1480 Quod
387 1417 480 1469 tumen
499 1411 633 1488 impedire
653 1430 709 1469 non
728 1412 837 1489 potuit,
860 1413 926 1490 quin
945 1413 982 1470 ab
1001 1409 1102 1471 Ouidio
1121 1410 1161 1469 its

60 1523 126 1565 etone
142 1507 177 1563 iis
194 1516 447 1582 componerentur,
473 1504 706 1582 quemadmodum
724 1514 849 1564 notatum
868 1507 904 1563 ob
924 1524 959 1565 eo
977 1515 1020 1563 est
1043 1523 1090 1563 uu.
1109 1505 1160 1579 te,

61 1600 114 1674 50,
130 1610 264 1678 suosque
281 1598 397 1657 deorum
416 1608 445 1656 et
464 1597 604 1655 hominum
623 1615 783 1657 communes
802 1616 884 1674 esse,
903 1599 1003 1657 emim
1022 1598 1092 1672 isto,
1111 1597 1160 1674 qni

62 1693 194 1751 mensis
213 1692 359 1769 peculiaris
376 1701 447 1761 eret,
468 1688 566 1749 nefasti
585 1691 716 1768 temporis
735 1692 787 1749 sub
807 1711 951 1769 uesperam
969 1690 1069 1751 reditu.
1106 1690 1159 1749 Se·

60 1802 150 1862 quens
172 1784 275 1843 deinde
295 1783 429 1842 distichon
448 1782 486 1841 nd
510 1793 605 1843 notam
624 1784 693 1859 NP,
720 1785 806 1843 molto
832 1784 1048 1863 frequentiorem
1072 1783 1160 1840 ultera

58 1878 127 1953 EN,
146 1878 212 1935 milri
231 1879 372 1955 pertinere
391 1864 509 1935 uidetur.
542 1877 691 1936 Caeterum
710 1877 777 1954 quid
795 1876 866 1935 socri
884 1876 935 1934 illis
954 1895 1055 1935 nouem
1073 1878 1158 1935 intet-

57 1973 122 2031 cisis
141 1971 238 2031 diebus
257 1971 411 2035 factitatum
431 1970 531 2045 luerit,
557 1970 649 2029 fateor
669 1988 714 2028 me
734 1971 849 2029 nescire.
886 1969 991 2029 Diebus
1009 1979 1090 2046 purte
1108 1986 1158 2025 ue·

58 2064 141 2123 lestis
156 2065 244 2123 serius
262 2065 346 2123 luisse
364 2074 414 2123 not
431 2063 539 2123 disertis
558 2065 650 2123 uerbis
668 2064 769 2141 possim
794 2064 822 2122 in
847 2062 982 2121 fastorum
999 2059 1159 2137 fragmentis

58 2157 208 2231 indicatur,
227 2168 277 2217 aut
295 2159 415 2237 ipsorum
433 2155 565 2215 feriarum
585 2157 695 2215 nomina
713 2158 820 2234 mugnis
838 2156 935 2214 litteris
953 2154 1089 2232 inseulpts
1107 2150 1159 2210 dn·

58 2261 136 2309 cent.
175 2252 340 2311 lintrolibus
360 2261 469 2325 tamen,
493 2250 711 2326 Quinquatribus
730 2258 760 2308 et
777 2247 926 2326 Regifugio
948 2246 1041 2306 littero
1059 2243 1088 2302 N
1105 2262 1158 2323 op·

60 2348 176 2422 ponitur
193 2346 221 2402 in
241 2347 335 2403 tabula
353 2344 504 2410 lllsffeana.
543 2344 588 2400 De
605 2344 743 2419 prioribus
760 2352 857 2419 postea
876 2340 982 2415 dimin,
1008 2339 1043 2399 de
1063 2338 1158 2403 ultimo

61 2438 119 2495 inm
135 2456 224 2508 nuno,
250 2439 316 2516 quia
341 2437 378 2495 ad
404 2457 462 2496 rem
481 2446 657 2514 praesentem
677 2435 779 2514 aliquid
803 2433 919 2493 confert.
956 2434 1001 2492 De
1020 2452 1053 2491 eo
1072 2431 1159 2509 Regi-

64 2529 136 2604 lugil
160 2530 205 2587 die
228 2531 350 2608 loquitur
373 2532 473 2589 Festus
499 2532 579 2603 pur
600 2528 866 2604 viceruntque,
895 2526 970 2606 quod
994 2527 1094 2585 lemma
1120 2521 1158 2582 sd

65 2639 138 2680 uers.
158 2626 194 2680 18
221 2643 308 2701 usque
331 2612 408 2683 recte
433 2626 624 2683 concinnatum
652 2623 775 2682 existimo
798 2623 826 2679 in
852 2621 974 2678 editione
1001 2618 1157 2679 nousdma.

63 2713 166 2773 Vitium
186 2735 253 2774 uero
273 2717 357 2775 haec:
382 2721 497 2794 Vterque
514 2716 582 2792 dies]
604 2719 656 2791 (IX
669 2717 733 2779 Kal.
747 2719 815 2793 Apr.
835 2724 863 2773 et
881 2714 920 2770 IX
933 2712 1000 2771 Kal.
1011 2707 1086 2785 lun.)
1105 2708 1161 2787 ispi

63 2809 137 2868 debet
155 2828 218 2868 ouen
238 2805 250 2876 ll
273 2814 343 2881 NP,
366 2830 423 2870 oon
442 2814 489 2886 N,
514 2809 587 2888 quod
604 2816 668 2887 posi
684 2811 757 2884 repis
773 2808 872 2884 supero
889 2805 924 2881 tii
939 2810 965 2876 e]
983 2802 1091 2877 mim
1106 2799 1157 2874 fa·

62 2901 156 2972 rteal!
180 2922 236 2962 non
255 2905 354 2981 probq.
393 2904 492 2982 Neque
516 2905 588 2961 enim
607 2901 705 2971 uideo,
730 2900 869 2978 quomodo
890 2900 948 2957 dies
965 2898 1004 2954 illi
1021 2896 1060 2965 Q.
1078 2891 1158 2951 REX

63 2996 97 3059 C.
111 2998 138 3054 F
157 3007 187 3057 et
210 2996 389 3065 Q.R.C.I⁴'
414 2997 529 3075 signati,
555 2996 630 3073 quod
648 2995 739 3052 Varro
764 3002 793 3051 et
820 3010 902 3050 nemo
927 3009 983 3048 non
1008 2985 1157 3045 intellexits

65 3089 185 3164 Quodn
200 3108 253 3149 res
271 3093 424 3151 semitionii
440 3091 500 3166 fos,
522 3091 576 3167 legi
594 3088 715 3146 debeant
734 3105 796 3143 cum
814 3083 878 3142 ΝΡ.
907 3076 1075 3139 Accensendi
1091 3093 1158 3137 sane

64 3194 128 3242 sont
145 3186 172 3242 ei
191 3185 298 3242 dierum
317 3185 430 3260 generi,
450 3184 525 3263 quod
544 3183 611 3241 olins
630 3180 683 3237 ΝΡ
701 3179 841 3254 signatur,
860 3193 925 3233 nam
944 3172 1040 3231 eodem
1058 3169 1158 3239 forma,

66 3285 151 3354 atque
168 3277 275 3351 serice,
300 3280 446 3355 perscripti
464 3287 529 3337 sunt
547 3277 574 3334 in
594 3274 671 3335 lastis
690 3272 834 3344 omnibus,
854 3277 882 3327 et
900 3264 974 3344 quod
992 3266 1021 3323 5¹¹
1040 3265 1158 3343 iis‘1¹¹³’

64 3378 131 3427 tuor
147 3369 245 3428 litteris
264 3371 439 3446 exprimitur,
458 3371 529 3428 idern
549 3377 601 3441 est,
621 3363 698 3443 quod
714 3364 823 3421 duabus
840 3361 892 3419 illis
911 3358 962 3416 NP
980 3358 1158 3434 significatur.

60 3461 115 3519 His
132 3480 200 3539 ergo
220 3473 249 3521 et
267 3463 345 3521 XVll
358 3464 406 3521 ΚΡ
420 3463 485 3536 lul.,
503 3460 579 3538 quod
597 3460 664 3516 item
681 3457 754 3515 inter
772 3455 854 3517 serios
872 3461 925 3525 est,
944 3447 1160 3520 Q.ST.D.F,

59 3554 176 3613 minim
194 3575 265 3635 opus
284 3564 327 3612 est
345 3574 407 3613 mea
424 3555 561 3613 sententia
580 3553 661 3613 olium
680 3561 774 3611 notam
793 3548 871 3607 eddi:
890 3546 917 3602 N
935 3563 1001 3602 uero
1017 3561 1053 3599 ne
1066 3545 1159 3619 potest

59 3646 192 3726 qmdenz
220 3658 250 3707 et
274 3658 365 3707 tameo
390 3648 429 3705 itu
454 3648 575 3705 extitisse
599 3646 627 3702 in
652 3643 729 3703 lastis
751 3642 837 3703 verrii
864 3649 988 3717 tempore
1006 3640 1161 3714 oporteret,

60 3741 132 3818 qnia
149 3758 255 3801 morem
274 3741 393 3819 aliquem
417 3741 446 3803 io
466 3740 543 3797 lastis
563 3746 705 3816 receptum
723 3730 927 3813 reprehendere
946 3727 1063 3786 uidetur.
1101 3724 1160 3782 Ve-

62 3851 129 3892 rum
148 3834 243 3892 uideor
262 3834 328 3893 mihi
344 3834 513 3911 intelligere,
534 3831 600 3911 quid
617 3827 835 3909 reprehenderit,
852 3825 876 3883 si
893 3823 932 3882 ito
949 3819 1071 3898 scripsits
1099 3820 1159 3877 Rs-

59 3927 167 4004 9ist9ii
185 3928 254 3999 dics]
273 3928 326 4003 lupi
343 3926 418 3985 dolet
437 3945 498 3985 curri
510 3924 599 3996 lluoto
618 3928 682 3993 NP,
700 3939 755 3980 ooo
775 3921 815 3988 N,
834 3919 900 3994 quio
918 3911 1161 3993 quietissimus

62 4019 126 4079 (Μ
144 4018 188 4094 Ν]
208 4019 350 4093 θΜῘιιεΐο
367 4019 462 4094 {alut
473 4025 498 4098 ll.
531 4019 643 4079 Scilicet
660 4015 809 4074 mirabotm
827 4012 855 4069 in
875 4009 974 4067 tabulis
992 4006 1035 4064 sui
1054 4014 1161 4077 tempo·

64 4114 116 4189 ris,
135 4113 212 4198 quod
231 4133 282 4175 nos
301 4115 328 4179 io
348 4132 404 4177 una
422 4132 528 4187 eorum,
547 4109 706 4185 usuram,
725 4106 796 4167 mele
814 4103 911 4179 hebet,
927 4097 1102 4183 Regifugium
1119 4092 1161 4157 in-
