2550 4574
143 244 214 301 cxii
621 241 779 291 VARRONIS

140 399 242 459 cimum
260 396 334 470 ieci,
357 393 498 460 confertur
521 412 584 453 cum
610 397 747 455 sententia
766 396 916 476 Varronis,
944 418 1029 479 quam
1055 401 1112 461 uiiu
1130 402 1190 463 lucu
1207 404 1243 464 da

32 467 43 537 J
138 490 315 569 ffltpmuibus
333 490 446 567 iuquam
463 489 573 548 dixerit.
600 489 716 558 ¹Quaeri
735 499 845 568 potest,
870 511 936 550 num
954 495 973 552 ii
992 496 1046 554 luci
1064 495 1168 555 diuersi
1186 496 1241 557 hu·

139 588 184 647 ius
202 586 289 663 ipsius
307 584 370 641 libri
388 583 502 658 iherint,
525 602 561 641 an
582 583 665 640 tutius
684 584 819 658 corporis,
839 586 1071 661 quemadmodum
1092 589 1241 651 manifesto

138 682 172 761 ti,
190 684 221 755 6,
241 696 314 757 quac
332 677 461 735 dicuntur
478 677 514 734 ab
534 676 701 753 Augustino:
731 679 771 734 nt
788 682 880 755 tumeo
899 678 957 739 ulio
976 679 1035 739 lucr
1052 679 1121 741 dicit
1139 682 1174 743 ds
1188 702 1241 761 qs-

137 771 327 833 srcrutiuuibus
344 771 456 849 deorum
474 779 558 846 caet,
584 771 724 848 pertinent
749 767 787 828 acl
811 770 911 829 librum
937 783 1066 851 quartum
1088 774 1240 852 decimum,

137 869 186 928 uel
203 877 311 926 textum
330 865 476 935 decimum,
495 873 525 923 et
543 865 571 922 in
590 873 730 941 postremo
748 864 819 922 libro
836 864 935 925 iterum
949 868 1105 928 Varronem
1122 868 1241 946 physica

137 959 299 1019 disseruisse
316 968 422 1017 certum
448 966 490 1015 est
515 958 763 1032 exdug.7,17;
787 975 824 1015 an
846 957 968 1035 denique
992 959 1028 1016 ad
1051 962 1127 1021 aliud
1153 974 1239 1041 opus,

134 1052 253 1113 forsitan
279 1052 378 1112 librum
402 1050 435 1109 du
460 1050 536 1109 cultu
559 1049 687 1124 ᾶοοιιιοι,
712 1068 795 1127 quem
820 1051 881 1127 ipse
901 1053 1068 1128 Augustinus
1090 1056 1238 1134 aliquoties

136 1148 271 1221 nominat,
291 1146 355 1204 uide
372 1163 446 1223 quae
466 1151 598 1203 notantur
614 1144 643 1200 in
663 1142 708 1202 ed.
722 1143 827 1203 Durdr.
847 1163 877 1222 p.
888 1145 937 1220 50,
948 1147 996 1205 bl.
1034 1147 1145 1207 Tamen
1164 1147 1238 1209 banc

135 1243 226 1320 ipsam
240 1241 454 1318 appellationem
471 1236 557 1296 fuisse
575 1236 689 1295 inditam
704 1238 795 1315 primu
808 1237 872 1296 huic
885 1257 977 1296 rerum
989 1238 1145 1301 diuinarum
1163 1243 1237 1317 libro

134 1336 293 1393 coniectura
311 1333 401 1406 iuret,
426 1332 471 1389 cui
490 1350 545 1388 nnn
564 1331 681 1388 multum
700 1332 793 1389 obstat
811 1331 887 1408 apud
906 1335 1105 1409 Augustinum,
1130 1344 1162 1395 at
1177 1354 1236 1414 pn-

134 1426 307 1488 t'roeinantur
326 1424 412 1482 multa
431 1426 467 1482 ah
486 1425 545 1482 aliis
565 1423 601 1482 de
620 1424 753 1482 eiusmodi
779 1425 921 1483 titulorum
946 1426 1056 1484 licentia
1074 1428 1235 1505 obseruata,

132 1530 166 1581 ut
183 1522 223 1580 iiii
236 1508 353 1599 ¹qunque
371 1520 490 1577 fortasse
514 1518 568 1576 loci
592 1517 791 1576 transcribendi
815 1517 942 1577 fuissent.
980 1518 1138 1581 Potuissent
1153 1532 1234 1585 certe

131 1617 239 1676 minuta
257 1615 344 1674 multa
364 1613 417 1671 alia
436 1631 472 1671 ex
489 1613 639 1688 Augustino
661 1611 770 1688 colligi,
795 1628 869 1688 qnae
888 1610 929 1670 ad
949 1632 1086 1673 summam
1102 1624 1134 1675 et
1150 1624 1233 1676 tenu·

132 1727 192 1769 rem
210 1708 401 1786 disputationis
419 1704 641 1815 cognoscendum
659 1706 748 1763 minus
765 1702 883 1765 iaciunt.

209 1803 297 1860 Huius
316 1801 507 1879 disputationis
529 1800 659 1878 primaria
682 1817 748 1876 pars
773 1817 830 1856 non
849 1795 960 1874 dubito,
983 1799 1056 1877 quin
1071 1799 1120 1860 illa
1138 1756 1233 1879 tuuis

130 1896 190 1955 nbi
201 1896 237 1955 de
255 1895 374 1954 naturali
399 1894 515 1953 deorum
533 1893 769 1970 ‘interpretatione
786 1892 887 1951 Seruio
912 1901 984 1952 teate
1000 1893 1232 1971 platheintemt

110 2012 112 2018 ’
130 1999 224 2050 autem
242 1991 302 2070 ipse
320 1989 420 2047 dixisse
438 1985 549 2045 uidetur
565 1987 748 2063 paucissima,
768 1983 824 2043 uid.
845 1993 962 2064 August.
981 1991 1010 2058 7,
1021 1987 1059 2063 6,
1079 1990 1231 2066 praelocu-

37 2080 39 2085 ’
130 2094 175 2143 tus
195 2093 248 2145 est.
286 2086 367 2142 Hanc
391 2083 428 2139 ab
451 2081 512 2158 ipsu
537 2079 653 2137 indicari
672 2079 816 2153 existimo,
842 2099 904 2139 cum
923 2080 999 2159 apud
1018 2081 1184 2141 Ciceronem
1200 2084 1230 2143 iu

128 2181 320 2257 antiquitatum
340 2177 486 2255 prooemiis
501 2175 593 2232 multa,
605 2192 624 2231 a
639 2191 671 2231 se
687 2171 878 2250 philosophice
896 2173 970 2234 dicta
988 2174 1121 2235 affirmat.
1150 2177 1229 2235 Hanc

127 2271 248 2348 denique
266 2289 377 2328 causam
397 2269 482 2327 fuisse
501 2269 643 2344 existimo,
664 2287 713 2324 cur
733 2265 831 2325 Cicero
850 2269 887 2326 ab
905 2286 939 2327 en
958 2269 1086 2326 Antiochi
1106 2268 1228 2347 philoso-

126 2364 221 2442 phiam
241 2365 355 2441 probari
373 2361 580 2436 existimauerit,
600 2359 737 2437 huiusque
753 2371 849 2438 partes
867 2363 895 2420 in
915 2361 1079 2420 academicis
1098 2364 1124 2421 ei
1143 2373 1225 2422 tuen·

127 2456 179 2515 das
198 2455 317 2516 dederit.
351 2457 461 2515 Stoicus
480 2455 656 2530 caeteroquin
675 2453 729 2511 fuit
744 2455 847 2529 Varro,
867 2448 983 2513 nisi'ubi
1001 2455 1129 2531 cynicum
1146 2474 1226 2516 secu·

125 2559 171 2606 tus
190 2557 243 2622 est,
262 2552 422 2627 praesertim
441 2568 504 2606 curn
523 2548 607 2605 libros
626 2546 662 2605 de
679 2548 698 2606 l.
712 2548 732 2604 l.
751 2550 895 2624 scriberet,
916 2548 980 2608 uide'
992 2548 1123 2608 Mueller.
1134 2548 1223 2628 praes.

124 2659 155 2720 p.
166 2659 201 2717 r,
214 2660 265 2716 ιι,
289 2642 338 2701 sed
357 2641 502 2701 uiduhutsu
521 2641 663 2715 Ciceroni,
690 2660 743 2699 nec
760 2643 875 2717 iniuria,
899 2642 937 2700 ad
956 2642 1126 2702 academiam
1143 2643 1224 2703 incli-

123 2751 203 2808 nare,
221 2735 286 2811 quin
298 2733 398 2794 Seruio
413 2742 483 2793 teste
499 2735 647 2792 stoicorum
658 2736 765 2812 placitis
782 2736 926 2794 admiscuit
938 2734 1091 2794 Platonica.
1118 2724 1224 2806 Quen·

123 2825 273 2887 admodum
292 2829 321 2887 iu
345 2829 537 2913 fragmento7
563 2829 681 2904 primum
706 2848 813 2889 comma
841 2839 883 2888 est
905 2829 1040 2905 stoicum,
1065 2830 1224 2909 explicatio,

122 2941 196 3002 quae
214 2924 348 3002 sequitur,
368 2922 504 2981 simillima
522 2919 672 2981 Platonicis
692 2925 719 2982 in
739 2923 897 3003 epinumida
915 2943 945 3001 p
960 2925 1030 2997 981,
1050 2923 1097 2985 ubi
1115 2922 1153 2982 da
1171 2923 1223 2982 du·

120 3018 186 3095 plici
204 3036 307 3096 genere
325 3035 474 3097 corporum
492 3016 636 3075 nnumine
654 3016 748 3074 diuino
768 3037 824 3075 nou
844 3014 942 3076 eudem
960 3013 1044 3073 modu
1064 3013 1223 3075 adlatunuu

121 3109 254 3189 disputat
290 3114 329 3172 Et
347 3125 439 3173 tamen
456 3127 534 3169 mera
552 3111 639 3168 stoica
657 3109 704 3166 illa
722 3118 797 3185 suut,
817 3125 891 3187 quae
906 3109 968 3165 Aur
949 3108 1073 3183 guntinus
1091 3112 1119 3182 7,
1130 3114 1169 3169 23
1187 3128 1222 3170 er

120 3201 192 3261 libro
211 3204 307 3264 ultimo
321 3226 376 3268 rer.
388 3208 445 3266 diu.
458 3204 611 3284 excerpsit3
632 3201 729 3260 confer
742 3204 827 3281 plane
841 3202 951 3280 gemina
965 3201 1035 3260 baec
1049 3202 1125 3281 apud
1137 3186 1222 3281 Diug.

118 3291 217 3355 Laert.
236 3296 324 3355 lib.7
304 3301 383 3376 7,p.
400 3302 459 3358 522
476 3299 522 3358 ed.
544 3299 609 3356 Cas
630 3299 721 3354 1616:
751 3288 833 3367 εῐς“’
813 3314 897 3355 uuus
922 3285 1018 3352 αυτοῦ
1036 3288 1132 3372 μέρος
1150 3286 1222 3372 διή-

118 3402 228 3457 κοντος
247 3389 302 3447 τοῦ
321 3394 390 3468 νοῦ,
413 3387 557 3503 sadduco
581 3381 635 3501 ἐφ’
657 3378 745 3466 ημῶν
770 3388 827 3465 τῆς
844 3388 969 3465 ψυχῆς,
995 3379 1069 3445 ἀλλ’
1091 3380 1153 3465 ἤδη
1173 3380 1219 3447 δι’

118 3464 161 3540 ὧν
179 3476 390 3559 μὲνμᾶλλον,
415 3478 460 3542 ds'
486 3468 528 3544 ὧν
549 3467 630 3543 δὲ
609 3501 712 3561 ηττον.
743 3473 786 3565 δι’
808 3466 932 3558 cispa
951 3475 1009 3594 γὰρ
1030 3471 1220 3553 ‹itiitere-

114 3564 271 3652 χῶρηκεν,
291 3567 333 3646 ὡς
352 3567 406 3634 διὰ
423 3575 483 3634 τῶν
506 3570 586 3655 ὂςῶν
599 3573 655 3636 nul
675 3577 736 3636 τῶν
753 3567 884 3653 νεύρων,
904 3560 994 3635 ds’t
971 3595 1013 3636 cuv
1031 3565 1110 3634 dd‘
1086 3593 1129 3646 ως
1146 3576 1222 3647 οοῖς

116 3663 171 3727 dud
190 3669 246 3728 τοῦ
271 3660 461 3748 ἡγεμονικοῦ.
491 3667 542 3729 καὶ
559 3664 637 3779 tiiior
664 3663 718 3729 τὸν
743 3663 863 3745 κόσμον
888 3661 1008 3743 {dost
990 3687 1067 3729 astu
1085 3660 1182 3730 sul*
1163 3689 1220 3747 ομ·

21 3760 24 3769 “
114 3770 219 3835 mogus
238 3782 288 3822 και
279 3753 537 3840 topantrst'cgcu
550 3753 731 3842 ἡγεμονικὸν
744 3758 799 3823 τον
815 3758 929 3840 αἰθέρα
940 3798 995 3826 -.
1017 3763 1093 3833 Quid
1110 3764 1220 3823 intersit

114 3851 187 3911 inter
206 3866 325 3934 utraque
344 3857 516 3930 discriminis,
535 3857 627 3916 licebit
646 3857 866 3917 animaduertere
885 3859 913 3914 iu
932 3875 975 3932 re,
995 3874 1068 3935 quae
1086 3857 1123 3916 ab
1142 3854 1220 3916 Oui-

113 3942 159 4003 dio
178 3964 235 4005 nou
254 3960 297 4009 est
315 3951 415 4008 aliena.
453 3951 480 4008 ls
499 3949 546 4009 uhi
565 3950 633 4008 dixit
652 3956 681 4025 3,
703 3956 777 4010 llls

309 4042 413 4104 asbus
431 4041 576 4101 uumshuut
593 4051 621 4102 ct
637 4043 816 4103 iuuhssruutu
833 4061 882 4121 per
900 4060 1005 4101 uranum

347 4135 460 4209 Siderur
479 4136 624 4199 constabat
641 4137 689 4198 ssd
707 4145 800 4199 toruus
818 4155 876 4199 csse
894 4117 969 4208 deor,
