2550 4574
547 264 663 315 cml!
1008 256 1161 316 cm
1233 346 1236 351 ἦ

53 443 76 486 a
96 400 290 503 gunnarus,
316 416 429 498 qnando
453 410 595 480 certamen
619 425 663 477 cst
685 414 945 479 conmsetnltium
962 432 999 478 ec
1017 414 1180 487 innclocto.

52 515 300 577 commendatum:
326 523 454 573 aeonum
470 513 672 572 in·Varronem
691 510 775 569 cedit.
805 510 915 571 ¹Restat
934 511 1162 588 igitur-uenenis

55 615 102 671 ria
120 611 170 669 ille
185 607 353 687 quandoque
362 607 390 665 in
404 607 515 665 ciuitate
529 605 665 683 religionis
684 604 855 681 refrigeratio
870 613 900 665 e't
916 603 1019 681 frigide
1034 602 1161 663 domurn

57 703 300 784 philosophorum.
336 701 408 758 Huic
429 694 470 758 r'ei
485 701 594 776 utrique
607 698 740 756 Varronis
758 714 858 755 aeuum
871 695 955 754 uelde
965 695 1059 756 'affine
1074 696 1161 756 iubos

61 817 122 856 non
141 806 195 870 est,
216 795 291 873 quod
310 793 437 853 doceam.
474 793 568 871 Ipsum
586 791 691 869 duplex
709 791 880 868 potissimum
899 787 936 848 de
954 788 1012 847 deis
1031 789 1161 849 indicium

59 906 211 967 usurpasse
242 888 352 947 scimus.
403 887 529 946 Stoicam
554 895 604 944 eut
629 885 802 943 Platonicum
832 880 1043 960 hierophanta·
1071 881 1161 960 egisse

59 998 290 1060 supraposui
313 999 385 1059 quae
404 980 540 1058 excerpsi,
559 980 690 1058 probant.
727 977 807 1035 adas
826 975 1011 1033 testimonium
1030 975 1084 1035 lroc
1103 978 1161 1034 Au·
1202 969 1206 975 ’

60 1076 165 1152 gastim
182 1078 213 1149 7,
234 1078 283 1149 28,
308 1076 383 1152 quod
407 1072 443 1131 ad
463 1090 545 1150 quern
565 1072 664 1129 librum
684 1069 860 1129 referendum
878 1069 928 1138 sit,
946 1071 1063 1145 ignoret
1086 1071 1161 1131 liitte

58 1173 144 1227 ctinm
155 1167 378 1227 &aamercort
397 1166 498 1225 ondin
516 1168 651 1238 mpsim
674 1165 704 1221 is
726 1164 862 1239 superori
880 1161 949 1222 lidro
967 1165 1008 1220 rio
1025 1164 1161 1240 intepre-

60 1270 140 1322 tatur
156 1280 242 1338 coptu
260 1279 306 1331 sc,
327 1258 397 1337 once
415 1277 464 1316 noc
481 1262 541 1317 etth
559 1266 627 1317 noto
645 1260 717 1327 sint,
740 1255 880 1315 ambedo
898 1258 1087 1334 sepositam
1104 1260 1162 1321 ein

60 1374 113 1432 nire
126 1357 276 1423 mrum
294 1354 498 1429 relipicsireims
509 1352 663 1430 potttcsau.
693 1351 788 1408 Altera
800 1349 854 1407 suit
865 1348 1015 1408 Euhemeri
1026 1349 1162 1426 doctrina,

61 1467 148 1526 quana
169 1450 205 1505 ab
224 1466 259 1505 eo
278 1447 363 1504 nihilo
381 1447 493 1522 segnius
510 1446 598 1504 fuisse
616 1447 762 1523 probatam
783 1452 911 1502 constat,
934 1443 1034 1503 Festus
1052 1462 1084 1523 p.
1092 1449 1162 1520 ³10,

64 1547 105 1598 22
126 1541 201 1599 dext.
225 1538 331 1610 Varro,
349 1541 453 1617 inquit,
473 1545 505 1596 et
519 1539 696 1597 mamaeae.
736 1536 871 1594 Arnobins
890 1539 951 1611 6,6
969 1538 1164 1614 palpondrinse

66 1638 204 1693 Varronis
230 1643 381 1712 nuncupat.
421 1633 588 1709 Augustinus
611 1631 647 1688 de
672 1648 749 1688 cons.
769 1646 814 1688 eu.
837 1634 928 1704 t,2e,
948 1635 1043 1704 §.dir
1068 1637 1163 1692 Ncm-

64 1727 177 1804 quidet
198 1732 292 1787 Varro
315 1727 360 1785 cel
382 1735 518 1803 tcoqrtom
540 1732 623 1802 poeto
645 1722 739 1799 papii,
764 1725 808 1782 unt
830 1732 964 1803 inaquam
981 1726 1165 1786 adcumulent

62 1914 109 1972 uel
126 1922 214 1974 morte
233 1944 267 1957 -
288 1931 347 1972 esre
365 1908 536 1990 composito?
562 1912 624 1971 Csr.
644 1912 680 1970 de
701 1928 728 1970 c.
747 1911 776 1969 d.
796 1914 826 1986 7,
841 1916 893 1986 18,
908 1913 1029 1973 Tertull.
1048 1914 1085 1970 ad
1099 1924 1162 1973 'narr

64 2015 95 2082 2,
115 2013 156 2065 1³
173 2010 212 2066 in.
252 2008 418 2085 Exemplum
438 2017 481 2064 est
505 2005 580 2084 apud
601 2007 684 2066 Seru.
703 2005 739 2064 ad
760 2013 828 2065 Aen.
848 2010 876 2077 3,
893 2007 950 2064 nte
974 2005 1010 2065 de
1027 2007 1164 2084 Giganti·

66 2102 133 2170 bur,
162 2101 238 2179 quod
261 2103 326 2160 item
354 2102 401 2160 ubi
427 2103 566 2178 extiterit,
583 2105 690 2162 -neccio
728 2102 918 2180 Nequeenim
941 2101 1023 2175 ideo,
1043 2101 1165 2180 quiade

65 2193 125 2251 deis
144 2197 229 2253 certis
254 2206 282 2254 et
310 2198 419 2255 incertis
444 2216 502 2275 pro
520 2213 571 2254 sua
590 2199 694 2255 scilicet
711 2198 835 2254 scientia
846 2206 895 2253 aut
913 2196 1054 2257 inscientia
1070 2194 1165 2255 Varro

66 2288 227 2347 diesemerit
244 2302 272 2347 et
291 2289 326 2349 sr.
341 2296 366 2360 1,
386 2290 473 2368 qnod,
492 2292 533 2348 uti
552 2293 660 2367 opinor,
680 2290 744 2347 licet
763 2288 915 2347 lunio-libro
928 2289 1088 2363 antihaere,
1107 2288 1164 2348 dis
1223 2355 1227 2367 Ι

67 2385 171 2441 crimen
195 2383 294 2442 secisse
316 2384 414 2442 dicitnr
433 2384 590 2441 intendens
609 2384 790 2461 sempiternos
809 2392 837 2439 et
855 2381 989 2455 facticios,
1004 2383 1166 2441 existiman-

66 2473 134 2533 dum
154 2486 197 2534 est
216 2476 270 2534 hoc
289 2477 358 2534 libro
372 2480 516 2556 opiniones
531 2494 620 2535 meras
639 2460 723 2554 ipsius
741 2485 791 2534 aut
805 2476 1031 2554 philosophorum
1045 2487 1094 2539 aut
1105 2478 1165 2534 Eu·

66 2568 172 2627 hemeri
192 2580 334 2629 enarratas
351 2571 447 2630 suisne.
486 2572 545 2630 Eas
566 2573 590 2628 si
609 2571 716 2646 attigit,
742 2569 839 2628 fecerit
861 2570 890 2627 id
909 2580 1024 2629 eatenus
1042 2582 1167 2649 oportet,

66 2675 205 2739 quatenus
231 2667 267 2720 ab
289 2665 351 2742 ipso
376 2663 624 2743 populnrromeno
641 2673 799 2742 assumptae
825 2664 854 2720 et
872 2673 1024 2741 usucaptae
1041 2664 1165 2724 sumunt.

66 2755 200 2834 Namque
218 2757 327 2815 ciuilem
347 2761 517 2835 potissimum
542 2757 707 2832 theologiam
731 2759 881 2815 seiunctam
906 2776 924 2815 a
943 2759 1061 2814 naturali
1080 2775 1167 2836 expos

67 2851 156 2906 roim
176 2867 240 2907 eum
258 2850 343 2909 fidem
362 2852 467 2909 iaciunt
488 2853 573 2908 uerba
592 2851 736 2926 Augustini
755 2852 786 2923 6,
801 2853 833 2908 6:
858 2851 904 2909 liic
920 2854 994 2909 edm
1010 2850 1083 2909 dioll
1101 2849 1186 2927 quiid.

66 2939 129 3014 fieri
147 2940 256 3012 delent,
275 2943 332 3002 illic
352 2945 418 3022 qaid
435 2941 503 3018 tiot3
530 2947 560 3019 6,
580 2946 615 3002 92
642 2942 748 3001 acme
767 2943 931 3020 thmlcpicm
948 2952 1009 3002 tom
1026 2944 1169 3018 dilipsolort

67 3033 246 3111 προποηᾶος
265 3039 294 3106 7,
309 3039 344 3095 5:
364 3038 431 3114 quid
448 3055 518 3114 opus
536 3044 598 3096 etot
616 3034 651 3095 nl
669 3053 703 3095 ec
716 3038 862 3110 (naturali)
876 3035 984 3095 riallon
1002 3044 1084 3109 tunic
1100 3044 1169 3097 nord

67 3127 254 3187 distinctionis
273 3129 438 3208 obitrnperei
453 3161 493 3177 -
518 3131 587 3189 Post
611 3131 729 3208 primum
754 3131 855 3188 librum
879 3130 986 3186 nonnisi
1004 3131 1169 3208 quibusdam
1211 3120 1214 3124 Χ

68 3222 158 3278 ultimi
182 3222 243 3279 libri
260 3222 328 3280 locis
344 3225 383 3281 ad
402 3224 477 3281 illam
492 3223 755 3296 lucernam-rediit,
780 3231 914 3297 qnantum
933 3224 1047 3301 intelligi
1063 3236 1169 3304 potenti

67 3313 121 3370 Dei
141 3313 243 3371 facticii
261 3316 410 3375 Euhemeri
430 3318 535 3375 liabent
552 3318 677 3376 nonnihil
691 3331 844 3373 commune
869 3333 932 3372 cum
958 3317 1098 3396 theclngm
1123 3319 1171 3378 ills

68 3417 228 3484 poetarum,
247 3412 331 3485 quam
350 3411 424 3483 ciuili
440 3413 595 3469 adiunxisse
613 3428 674 3466 rese
692 3409 847 3465 testabatur
858 3408 950 3468 Varro
962 3431 1051 3490 supra
1061 3432 1091 3491 p.
1101 3430 1172 3487 cix,
1213 3432 1216 3438 ’

67 3500 105 3556 ir.
121 3501 174 3556 1⁵:
200 3503 380 3577 quamobrem
406 3503 469 3560 lruic
497 3504 592 3579 generi
615 3502 847 3579 interpretationis
870 3503 1010 3581 aliquanto
1026 3505 1093 3582 plns
1112 3505 1171 3561 sors

69 3594 150 3650 tarsis
169 3593 304 3670 indulgeri
318 3600 418 3672 potuit.
449 3596 507 3653 Sed
525 3607 629 3671 tamen,
650 3597 690 3653 uti
704 3594 840 3671 dicebam,
861 3599 896 3654 ab
915 3598 1098 3656 immoderata
1110 3597 1171 3673 opis
1190 3656 1193 3660 Δ

70 3685 158 3744 nandi
172 3696 202 3744 et
214 3689 387 3746 coniectandi
406 3691 517 3747 licentia
536 3691 685 3767 temperari
697 3707 732 3745 eo
746 3691 914 3749 commodius
926 3701 1047 3770 poterat,
1065 3699 1172 3767 quanto
1254 3707 1257 3711 ·

69 3779 288 3856 frequentiorem
313 3785 374 3860 ipse
399 3785 489 3841 cultus
513 3782 628 3840 deorum
655 3783 741 3840 ciuilis
767 3782 909 3860 diligentia
932 3786 981 3842 illa
999 3784 1173 3847 Varroniano

70 3873 273 3950 perquirendus
297 3877 468 3933 occasionem
494 3874 615 3932 iaciebat
637 3878 798 3950 sdeolicm,
826 3885 855 3932 ut
874 3876 931 3949 ait,
956 3873 996 3934 od
1019 3878 1173 3952 epimonem
1205 3893 1210 3899 ·

71 3965 242 4040 nunspcndi.
280 3966 375 4026 Potuit
393 3969 483 4026 Varro
503 3986 594 4045 neqm
618 3976 776 4028 transuerso
795 3968 889 4046 digito.
901 3968 1044 4029 discedere
1062 3987 1081 4029 a
1098 3969 1174 4031 iudi,-

71 4059 116 4114 cio
135 4060 312 4136 popularium
332 4071 361 4118 et
380 4071 472 4121 manen
492 4060 560 4119 deos
579 4061 712 4121 indecere
728 4064 839 4120 natiuos
857 4072 906 4120 ant
924 4062 1029 4143 iactos,
1049 4073 1080 4122 ut
1098 4064 1174 4121 Tere

72 4151 188 4212 tull.'ad
206 4161 265 4213 nat.
277 4157 359 4232 ,2,14
378 4154 513 4238 appellat.
550 4153 648 4214 Natini
665 4157 705 4214 ite
723 4174 782 4219 noo
799 4165 880 4225 erent
893 4155 1055 4217 &elamet
1070 4155 1176 4230 Temni
