<?xml version="1.0" encoding="UTF-8"?>
<!DOCTYPE html PUBLIC "-//W3C//DTD XHTML 1.0 Transitional//EN"
    "http://www.w3.org/TR/xhtml1/DTD/xhtml1-transitional.dtd">
<html xmlns="http://www.w3.org/1999/xhtml" xml:lang="en" lang="en">
 <head>
  <title>
</title>
<meta http-equiv="Content-Type" content="text/html;charset=utf-8" />
  <meta name='ocr-system' content='tesseract 3.04.00' />
  <meta name='ocr-capabilities' content='ocr_page ocr_carea ocr_par ocr_line ocrx_word'/>
</head>
<body>
  <div class='ocr_page' id='page_1' title='image "./fastorumlibrise01ovidgoog_0051.png"; bbox 0 0 2550 4574; ppageno 0'>
   <div class='ocr_carea' id='block_1_1' title="bbox 17 226 758 299">
    <p class='ocr_par' dir='ltr' id='par_1_1' title="bbox 17 226 758 299">
     <span class='ocr_line' id='line_1_1' title="bbox 17 226 758 299; baseline -0.005 -2"><span class='ocrx_word' id='word_1_1' title='bbox 17 226 21 242; x_wconf 92' lang='lat'>&#39;</span> <span class='ocrx_word' id='word_1_2' title='bbox 148 248 217 297; x_wconf 78' lang='lat' dir='ltr'><strong>xau</strong></span> <span class='ocrx_word' id='word_1_3' title='bbox 512 250 519 263; x_wconf 93' lang='lat'><strong>·</strong></span> <span class='ocrx_word' id='word_1_4' title='bbox 617 236 758 299; x_wconf 73' lang='grc' dir='ltr'>ιιιιιτινι</span> 
     </span>
    </p>
   </div>
   <div class='ocr_carea' id='block_1_2' title="bbox 83 384 1241 849">
    <p class='ocr_par' dir='ltr' id='par_1_2' title="bbox 83 384 1241 849">
     <span class='ocr_line' id='line_1_2' title="bbox 83 384 1241 485; baseline 0.005 -28"><span class='ocrx_word' id='word_1_5' title='bbox 83 384 86 399; x_wconf 66' lang='lat'><strong>¹</strong></span> <span class='ocrx_word' id='word_1_6' title='bbox 147 400 251 485; x_wconf 78' lang='lat' dir='ltr'><strong>signari</strong></span> <span class='ocrx_word' id='word_1_7' title='bbox 267 398 297 457; x_wconf 91' lang='lat' dir='ltr'><strong>in</strong></span> <span class='ocrx_word' id='word_1_8' title='bbox 313 398 374 458; x_wconf 86' lang='lat' dir='ltr'><strong>aliis</strong></span> <span class='ocrx_word' id='word_1_9' title='bbox 391 397 469 457; x_wconf 74' lang='lat' dir='ltr'><strong>lestis</strong></span> <span class='ocrx_word' id='word_1_10' title='bbox 486 396 637 457; x_wconf 83' lang='lat' dir='ltr'><strong>arbitretur</strong></span> <span class='ocrx_word' id='word_1_11' title='bbox 655 398 807 477; x_wconf 78' lang='lat' dir='ltr'><strong>Fogginius</strong></span> <span class='ocrx_word' id='word_1_12' title='bbox 824 401 918 477; x_wconf 69' lang='lat' dir='ltr'><strong>pao,</strong></span> <span class='ocrx_word' id='word_1_13' title='bbox 936 398 1013 457; x_wconf 87' lang='lat' dir='ltr'><strong>nulla</strong></span> <span class='ocrx_word' id='word_1_14' title='bbox 1030 409 1074 459; x_wconf 82' lang='lat' dir='ltr'><strong>est</strong></span> <span class='ocrx_word' id='word_1_15' title='bbox 1091 402 1241 479; x_wconf 75' lang='lat' dir='ltr'><strong>mentiris</strong></span> 
     </span>
     <span class='ocr_line' id='line_1_3' title="bbox 146 489 1241 573; baseline 0.003 -22"><span class='ocrx_word' id='word_1_16' title='bbox 146 492 301 556; x_wconf 72' lang='lat' dir='ltr'><strong>bleffeanis.</strong></span> <span class='ocrx_word' id='word_1_17' title='bbox 339 491 413 550; x_wconf 87' lang='lat' dir='ltr'><strong>Nam</strong></span> <span class='ocrx_word' id='word_1_18' title='bbox 431 489 514 549; x_wconf 85' lang='lat' dir='ltr'><strong>ualde</strong></span> <span class='ocrx_word' id='word_1_19' title='bbox 531 490 645 549; x_wconf 88' lang='lat' dir='ltr'><strong>dubium</strong></span> <span class='ocrx_word' id='word_1_20' title='bbox 659 502 715 567; x_wconf 83' lang='lat' dir='ltr'><strong>est,</strong></span> <span class='ocrx_word' id='word_1_21' title='bbox 734 511 800 551; x_wconf 87' lang='lat' dir='ltr'><strong>num</strong></span> <span class='ocrx_word' id='word_1_22' title='bbox 818 493 848 551; x_wconf 90' lang='lat' dir='ltr'><strong>in</strong></span> <span class='ocrx_word' id='word_1_23' title='bbox 864 493 899 551; x_wconf 89' lang='lat' dir='ltr'><strong>iis</strong></span> <span class='ocrx_word' id='word_1_24' title='bbox 913 492 1107 571; x_wconf 68' lang='lat' dir='ltr'><strong>Quinquatrus</strong></span> <span class='ocrx_word' id='word_1_25' title='bbox 1123 496 1241 573; x_wconf 74' lang='lat' dir='ltr'><strong>propter</strong></span> 
     </span>
     <span class='ocr_line' id='line_1_4' title="bbox 146 584 1239 663; baseline 0.004 -19"><span class='ocrx_word' id='word_1_26' title='bbox 146 586 238 647; x_wconf 79' lang='lat' dir='ltr'><strong>Salios</strong></span> <span class='ocrx_word' id='word_1_27' title='bbox 261 585 385 645; x_wconf 72' lang='lat' dir='ltr'><strong>natutae</strong></span> <span class='ocrx_word' id='word_1_28' title='bbox 409 584 560 660; x_wconf 72' lang='lat' dir='ltr'><strong>signentur.</strong></span> <span class='ocrx_word' id='word_1_29' title='bbox 607 584 748 643; x_wconf 72' lang='lat' dir='ltr'><strong>Charisius</strong></span> <span class='ocrx_word' id='word_1_30' title='bbox 772 604 802 662; x_wconf 86' lang='lat' dir='ltr'><strong>p.</strong></span> <span class='ocrx_word' id='word_1_31' title='bbox 817 587 865 644; x_wconf 79' lang='lat'><strong>62</strong></span> <span class='ocrx_word' id='word_1_32' title='bbox 882 586 917 645; x_wconf 89' lang='lat' dir='ltr'><strong>P.</strong></span> <span class='ocrx_word' id='word_1_33' title='bbox 942 605 963 647; x_wconf 86' lang='lat' dir='ltr'><strong>s</strong></span> <span class='ocrx_word' id='word_1_34' title='bbox 980 586 1161 663; x_wconf 78' lang='lat' dir='ltr'><strong>qctinqsnada</strong></span> <span class='ocrx_word' id='word_1_35' title='bbox 1176 590 1199 647; x_wconf 81' lang='lat' dir='ltr'><strong>i.</strong></span> <span class='ocrx_word' id='word_1_36' title='bbox 1214 606 1239 647; x_wconf 85' lang='lat' dir='ltr'><strong>s.</strong></span> 
     </span>
     <span class='ocr_line' id='line_1_5' title="bbox 92 676 1238 759; baseline 0.003 -22"><span class='ocrx_word' id='word_1_37' title='bbox 92 724 96 729; x_wconf 88' lang='lat'><em>.</em></span> <span class='ocrx_word' id='word_1_38' title='bbox 146 678 290 738; x_wconf 70' lang='lat' dir='ltr'><strong>herrando</strong></span> <span class='ocrx_word' id='word_1_39' title='bbox 308 696 410 737; x_wconf 89' lang='lat' dir='ltr'><strong>nomen</strong></span> <span class='ocrx_word' id='word_1_40' title='bbox 428 676 547 754; x_wconf 89' lang='lat' dir='ltr'><strong>repetit,</strong></span> <span class='ocrx_word' id='word_1_41' title='bbox 571 693 656 754; x_wconf 88' lang='lat' dir='ltr'><strong>quam</strong></span> <span class='ocrx_word' id='word_1_42' title='bbox 682 677 890 754; x_wconf 75' lang='lat' dir='ltr'><strong>originationem</strong></span> <span class='ocrx_word' id='word_1_43' title='bbox 915 680 953 739; x_wconf 91' lang='lat' dir='ltr'><strong>ad</strong></span> <span class='ocrx_word' id='word_1_44' title='bbox 978 682 1140 759; x_wconf 80' lang='lat' dir='ltr'><strong>opinionem</strong></span> <span class='ocrx_word' id='word_1_45' title='bbox 1165 680 1238 741; x_wconf 82' lang='lat' dir='ltr'><strong>illua</strong></span> 
     </span>
     <span class='ocr_line' id='line_1_6' title="bbox 146 769 1239 849; baseline 0.002 -18"><span class='ocrx_word' id='word_1_46' title='bbox 146 790 235 831; x_wconf 88' lang='lat' dir='ltr'><strong>meam</strong></span> <span class='ocrx_word' id='word_1_47' title='bbox 249 770 285 829; x_wconf 94' lang='lat' dir='ltr'><strong>de</strong></span> <span class='ocrx_word' id='word_1_48' title='bbox 296 770 393 830; x_wconf 91' lang='lat' dir='ltr'><strong>diebus</strong></span> <span class='ocrx_word' id='word_1_49' title='bbox 409 770 573 849; x_wconf 90' lang='lat' dir='ltr'><strong>purgatoriis</strong></span> <span class='ocrx_word' id='word_1_50' title='bbox 586 769 701 829; x_wconf 62' lang='lat' dir='ltr'><strong>ndasds</strong></span> <span class='ocrx_word' id='word_1_51' title='bbox 714 771 779 829; x_wconf 87' lang='lat' dir='ltr'><strong>nolo</strong></span> <span class='ocrx_word' id='word_1_52' title='bbox 793 772 1012 839; x_wconf 85' lang='lat' dir='ltr'><strong>accommodare.</strong></span> <span class='ocrx_word' id='word_1_53' title='bbox 1038 772 1099 833; x_wconf 80' lang='lat' dir='ltr'><strong>cn.</strong></span> <span class='ocrx_word' id='word_1_54' title='bbox 1110 774 1239 833; x_wconf 80' lang='lat' dir='ltr'><strong>Mueller.</strong></span> 
     </span>
    </p>
   </div>
   <div class='ocr_carea' id='block_1_3' title="bbox 53 862 1238 943">
    <p class='ocr_par' dir='ltr' id='par_1_3' title="bbox 53 862 1238 943">
     <span class='ocr_line' id='line_1_7' title="bbox 53 862 1238 943; baseline 0.003 -21"><span class='ocrx_word' id='word_1_55' title='bbox 53 933 59 943; x_wconf 40' lang='lat'>‚</span> <span class='ocrx_word' id='word_1_56' title='bbox 144 864 182 923; x_wconf 91' lang='lat' dir='ltr'><strong>ad</strong></span> <span class='ocrx_word' id='word_1_57' title='bbox 200 864 281 923; x_wconf 90' lang='lat' dir='ltr'><strong>Paul.</strong></span> <span class='ocrx_word' id='word_1_58' title='bbox 299 864 379 924; x_wconf 77' lang='lat' dir='ltr'><strong>niae.</strong></span> <span class='ocrx_word' id='word_1_59' title='bbox 398 884 427 943; x_wconf 88' lang='lat' dir='ltr'><strong>p.</strong></span> <span class='ocrx_word' id='word_1_60' title='bbox 436 865 484 923; x_wconf 82' lang='grc'><strong>64.</strong></span> <span class='ocrx_word' id='word_1_61' title='bbox 522 862 609 921; x_wconf 84' lang='lat' dir='ltr'><strong>lmtno</strong></span> <span class='ocrx_word' id='word_1_62' title='bbox 630 881 695 920; x_wconf 85' lang='lat' dir='ltr'><strong>cum</strong></span> <span class='ocrx_word' id='word_1_63' title='bbox 718 863 741 921; x_wconf 92' lang='lat' dir='ltr'><strong>is</strong></span> <span class='ocrx_word' id='word_1_64' title='bbox 765 864 823 924; x_wconf 90' lang='lat' dir='ltr'><strong>dies</strong></span> <span class='ocrx_word' id='word_1_65' title='bbox 841 865 914 925; x_wconf 85' lang='lat' dir='ltr'><strong>inter</strong></span> <span class='ocrx_word' id='word_1_66' title='bbox 930 867 1014 925; x_wconf 82' lang='lat' dir='ltr'><strong>letias</strong></span> <span class='ocrx_word' id='word_1_67' title='bbox 1031 866 1184 925; x_wconf 86' lang='lat' dir='ltr'><strong>sollemnes</strong></span> <span class='ocrx_word' id='word_1_68' title='bbox 1200 868 1238 927; x_wconf 88' lang='lat' dir='ltr'><strong>sit</strong></span> 
     </span>
    </p>
   </div>
   <div class='ocr_carea' id='block_1_4' title="bbox 76 955 1238 2434">
    <p class='ocr_par' dir='ltr' id='par_1_4' title="bbox 76 955 1238 2434">
     <span class='ocr_line' id='line_1_8' title="bbox 76 955 1237 1036; baseline 0.003 -21"><span class='ocrx_word' id='word_1_69' title='bbox 76 974 79 982; x_wconf 94' lang='lat'><em>·</em></span> <span class='ocrx_word' id='word_1_70' title='bbox 142 957 221 1036; x_wconf 81' lang='lat' dir='ltr'><strong>apud</strong></span> <span class='ocrx_word' id='word_1_71' title='bbox 237 959 409 1030; x_wconf 75' lang='lat' dir='ltr'><strong>Vononen,</strong></span> <span class='ocrx_word' id='word_1_72' title='bbox 435 955 568 1033; x_wconf 88' lang='lat' dir='ltr'><strong>aedisque</strong></span> <span class='ocrx_word' id='word_1_73' title='bbox 585 956 729 1015; x_wconf 90' lang='lat' dir='ltr'><strong>lllinernae</strong></span> <span class='ocrx_word' id='word_1_74' title='bbox 746 955 946 1019; x_wconf 73' lang='lat' dir='ltr'><strong>dedicationem</strong></span> <span class='ocrx_word' id='word_1_75' title='bbox 964 960 1068 1019; x_wconf 84' lang='lat' dir='ltr'><strong>babeat</strong></span> <span class='ocrx_word' id='word_1_76' title='bbox 1093 960 1124 1018; x_wconf 92' lang='lat' dir='ltr'><strong>in</strong></span> <span class='ocrx_word' id='word_1_77' title='bbox 1143 958 1237 1027; x_wconf 72' lang='lat' dir='ltr'><strong>tabule</strong></span> 
     </span>
     <span class='ocr_line' id='line_1_9' title="bbox 142 1047 1237 1132; baseline 0.002 -23"><span class='ocrx_word' id='word_1_78' title='bbox 142 1050 338 1126; x_wconf 75' lang='lat' dir='ltr'><strong>Pmenesdna,</strong></span> <span class='ocrx_word' id='word_1_79' title='bbox 355 1049 435 1111; x_wconf 90' lang='lat' dir='ltr'><strong>ludos</strong></span> <span class='ocrx_word' id='word_1_80' title='bbox 453 1068 523 1109; x_wconf 83' lang='lat' dir='ltr'><strong>uera</strong></span> <span class='ocrx_word' id='word_1_81' title='bbox 541 1047 717 1126; x_wconf 84' lang='lat' dir='ltr'><strong>gladiatorios</strong></span> <span class='ocrx_word' id='word_1_82' title='bbox 735 1049 839 1111; x_wconf 85' lang='lat' dir='ltr'><strong>Ouidio</strong></span> <span class='ocrx_word' id='word_1_83' title='bbox 859 1064 979 1113; x_wconf 77' lang='lat' dir='ltr'><strong>tentante</strong></span> <span class='ocrx_word' id='word_1_84' title='bbox 997 1052 1101 1129; x_wconf 85' lang='lat' dir='ltr'><strong>nabes,</strong></span> <span class='ocrx_word' id='word_1_85' title='bbox 1111 1070 1180 1132; x_wconf 88' lang='lat' dir='ltr'><strong>-qno</strong></span> <span class='ocrx_word' id='word_1_86' title='bbox 1196 1052 1237 1123; x_wconf 78' lang='lat' dir='ltr'><strong>n,</strong></span> 
     </span>
     <span class='ocr_line' id='line_1_10' title="bbox 143 1133 1238 1221; baseline 0.002 -18"><span class='ocrx_word' id='word_1_87' title='bbox 143 1155 176 1204; x_wconf 89' lang='lat' dir='ltr'><strong>nt</strong></span> <span class='ocrx_word' id='word_1_88' title='bbox 192 1145 262 1203; x_wconf 91' lang='lat' dir='ltr'><strong>illnd</strong></span> <span class='ocrx_word' id='word_1_89' title='bbox 281 1133 309 1203; x_wconf 81' lang='lat' dir='ltr'>N</span> <span class='ocrx_word' id='word_1_90' title='bbox 326 1152 446 1221; x_wconf 89' lang='lat' dir='ltr'><strong>aequent</strong></span> <span class='ocrx_word' id='word_1_91' title='bbox 462 1142 587 1201; x_wconf 86' lang='lat' dir='ltr'><strong>relictum</strong></span> <span class='ocrx_word' id='word_1_92' title='bbox 614 1159 676 1201; x_wconf 88' lang='lat' dir='ltr'><strong>esse</strong></span> <span class='ocrx_word' id='word_1_93' title='bbox 700 1162 736 1201; x_wconf 85' lang='lat' dir='ltr'><strong>ex</strong></span> <span class='ocrx_word' id='word_1_94' title='bbox 762 1146 849 1203; x_wconf 87' lang='lat' dir='ltr'><strong>ueteri</strong></span> <span class='ocrx_word' id='word_1_95' title='bbox 873 1147 1001 1205; x_wconf 87' lang='lat' dir='ltr'><strong>ludorum</strong></span> <span class='ocrx_word' id='word_1_96' title='bbox 1026 1146 1238 1215; x_wconf 74' lang='lat' dir='ltr'><strong>bedonniam</strong></span> 
     </span>
     <span class='ocr_line' id='line_1_11' title="bbox 142 1234 1238 1317; baseline -0.002 -18"><span class='ocrx_word' id='word_1_97' title='bbox 142 1256 231 1313; x_wconf 86' lang='lat' dir='ltr'><strong>mere,</strong></span> <span class='ocrx_word' id='word_1_98' title='bbox 250 1239 332 1297; x_wconf 83' lang='lat' dir='ltr'><strong>aliter</strong></span> <span class='ocrx_word' id='word_1_99' title='bbox 343 1255 428 1317; x_wconf 78' lang='lat' dir='ltr'><strong>qua·</strong></span> <span class='ocrx_word' id='word_1_100' title='bbox 446 1234 498 1295; x_wconf 86' lang='lat' dir='ltr'><strong>NP</strong></span> <span class='ocrx_word' id='word_1_101' title='bbox 516 1235 656 1311; x_wconf 85' lang='lat' dir='ltr'><strong>signatum</strong></span> <span class='ocrx_word' id='word_1_102' title='bbox 673 1236 739 1293; x_wconf 89' lang='lat' dir='ltr'><strong>olim</strong></span> <span class='ocrx_word' id='word_1_103' title='bbox 759 1237 806 1294; x_wconf 85' lang='lat' dir='ltr'><strong>uix</strong></span> <span class='ocrx_word' id='word_1_104' title='bbox 822 1237 919 1314; x_wconf 90' lang='lat' dir='ltr'><strong>credo,</strong></span> <span class='ocrx_word' id='word_1_105' title='bbox 937 1239 987 1301; x_wconf 82' lang='lat' dir='ltr'><strong>sed</strong></span> <span class='ocrx_word' id='word_1_106' title='bbox 1006 1239 1156 1311; x_wconf 66' lang='lat' dir='ltr'><strong>mansisse</strong></span> <span class='ocrx_word' id='word_1_107' title='bbox 1171 1256 1238 1317; x_wconf 57' lang='lat' dir='ltr'><strong>pare</strong></span> 
     </span>
     <span class='ocr_line' id='line_1_12' title="bbox 141 1328 1236 1409; baseline 0.002 -20"><span class='ocrx_word' id='word_1_108' title='bbox 141 1332 253 1390; x_wconf 79' lang='lat' dir='ltr'><strong>rientem</strong></span> <span class='ocrx_word' id='word_1_109' title='bbox 272 1332 332 1389; x_wconf 89' lang='lat' dir='ltr'><strong>eins</strong></span> <span class='ocrx_word' id='word_1_110' title='bbox 350 1340 451 1403; x_wconf 86' lang='lat' dir='ltr'><strong>notae,</strong></span> <span class='ocrx_word' id='word_1_111' title='bbox 476 1344 550 1405; x_wconf 87' lang='lat' dir='ltr'><strong>quae</strong></span> <span class='ocrx_word' id='word_1_112' title='bbox 575 1328 682 1405; x_wconf 85' lang='lat' dir='ltr'><strong>integra</strong></span> <span class='ocrx_word' id='word_1_113' title='bbox 707 1331 844 1407; x_wconf 84' lang='lat' dir='ltr'><strong>reperitur</strong></span> <span class='ocrx_word' id='word_1_114' title='bbox 861 1336 889 1389; x_wconf 90' lang='lat' dir='ltr'><strong>in</strong></span> <span class='ocrx_word' id='word_1_115' title='bbox 908 1330 1066 1409; x_wconf 79' lang='lat' dir='ltr'><strong>fragmento</strong></span> <span class='ocrx_word' id='word_1_116' title='bbox 1081 1332 1236 1391; x_wconf 65' lang='lat' dir='ltr'><strong>naum:</strong></span> 
     </span>
     <span class='ocr_line' id='line_1_13' title="bbox 140 1422 1237 1507; baseline -0.003 -23"><span class='ocrx_word' id='word_1_117' title='bbox 140 1426 170 1484; x_wconf 90' lang='lat' dir='ltr'><strong>in</strong></span> <span class='ocrx_word' id='word_1_118' title='bbox 188 1425 285 1483; x_wconf 85' lang='lat' dir='ltr'><strong>tabula</strong></span> <span class='ocrx_word' id='word_1_119' title='bbox 303 1423 482 1482; x_wconf 86' lang='lat' dir='ltr'><strong>Praenestina</strong></span> <span class='ocrx_word' id='word_1_120' title='bbox 506 1432 598 1483; x_wconf 82' lang='lat' dir='ltr'><strong>autent</strong></span> <span class='ocrx_word' id='word_1_121' title='bbox 617 1432 728 1500; x_wconf 86' lang='lat' dir='ltr'><strong>praeter</strong></span> <span class='ocrx_word' id='word_1_122' title='bbox 747 1423 869 1507; x_wconf 21' lang='lat' dir='ltr'><strong>’prinam</strong></span> <span class='ocrx_word' id='word_1_123' title='bbox 893 1424 1022 1483; x_wconf 84' lang='lat' dir='ltr'><strong>lineolam</strong></span> <span class='ocrx_word' id='word_1_124' title='bbox 1047 1422 1115 1485; x_wconf 86' lang='lat' dir='ltr'><strong>nibil</strong></span> <span class='ocrx_word' id='word_1_125' title='bbox 1139 1422 1237 1493; x_wconf 68' lang='lat' dir='ltr'><strong>utilit,</strong></span> 
     </span>
     <span class='ocr_line' id='line_1_14' title="bbox 140 1514 1237 1596; baseline -0.002 -19"><span class='ocrx_word' id='word_1_126' title='bbox 140 1538 180 1577; x_wconf 88' lang='lat' dir='ltr'><strong>ne</strong></span> <span class='ocrx_word' id='word_1_127' title='bbox 195 1519 268 1596; x_wconf 80' lang='lat' dir='ltr'><strong>typis</strong></span> <span class='ocrx_word' id='word_1_128' title='bbox 290 1519 424 1595; x_wconf 87' lang='lat' dir='ltr'><strong>impresso</strong></span> <span class='ocrx_word' id='word_1_129' title='bbox 448 1516 600 1593; x_wconf 72' lang='lat' dir='ltr'><strong>exceptori</strong></span> <span class='ocrx_word' id='word_1_130' title='bbox 625 1516 741 1590; x_wconf 74' lang='lat' dir='ltr'><strong>nedae,</strong></span> <span class='ocrx_word' id='word_1_131' title='bbox 765 1515 841 1593; x_wconf 89' lang='lat' dir='ltr'><strong>quod</strong></span> <span class='ocrx_word' id='word_1_132' title='bbox 860 1515 888 1573; x_wconf 90' lang='lat' dir='ltr'>N</span> <span class='ocrx_word' id='word_1_133' title='bbox 907 1516 1019 1575; x_wconf 80' lang='lat' dir='ltr'><strong>exbibet</strong></span> <span class='ocrx_word' id='word_1_134' title='bbox 1036 1514 1115 1594; x_wconf 87' lang='lat' dir='ltr'><strong>apud</strong></span> <span class='ocrx_word' id='word_1_135' title='bbox 1133 1516 1237 1595; x_wconf 75' lang='lat' dir='ltr'><strong>lloggi·</strong></span> 
     </span>
     <span class='ocr_line' id='line_1_15' title="bbox 140 1598 1236 1687; baseline 0 -17"><span class='ocrx_word' id='word_1_136' title='bbox 140 1613 224 1671; x_wconf 86' lang='lat' dir='ltr'><strong>nintn.</strong></span> <span class='ocrx_word' id='word_1_137' title='bbox 264 1611 389 1680; x_wconf 85' lang='lat' dir='ltr'><strong>Quartus</strong></span> <span class='ocrx_word' id='word_1_138' title='bbox 407 1609 650 1687; x_wconf 83' lang='lat' dir='ltr'><strong>Quinquatruum,</strong></span> <span class='ocrx_word' id='word_1_139' title='bbox 674 1609 734 1667; x_wconf 87' lang='lat' dir='ltr'><strong>siue</strong></span> <span class='ocrx_word' id='word_1_140' title='bbox 758 1608 856 1666; x_wconf 85' lang='lat' dir='ltr'><strong>tertius</strong></span> <span class='ocrx_word' id='word_1_141' title='bbox 874 1607 1001 1666; x_wconf 87' lang='lat' dir='ltr'><strong>indorum</strong></span> <span class='ocrx_word' id='word_1_142' title='bbox 1019 1608 1079 1667; x_wconf 89' lang='lat' dir='ltr'><strong>dies</strong></span> <span class='ocrx_word' id='word_1_143' title='bbox 1097 1598 1157 1669; x_wconf 83' lang='lat' dir='ltr'><strong>no&#39;n</strong></span> <span class='ocrx_word' id='word_1_144' title='bbox 1172 1628 1236 1669; x_wconf 85' lang='lat' dir='ltr'><strong>mn·</strong></span> 
     </span>
     <span class='ocr_line' id='line_1_16' title="bbox 139 1700 1236 1783; baseline 0.001 -19"><span class='ocrx_word' id='word_1_145' title='bbox 139 1706 210 1765; x_wconf 88' lang='lat' dir='ltr'><strong>tnnit</strong></span> <span class='ocrx_word' id='word_1_146' title='bbox 228 1705 370 1783; x_wconf 83' lang='lat' dir='ltr'><strong>pristinam</strong></span> <span class='ocrx_word' id='word_1_147' title='bbox 390 1712 502 1776; x_wconf 70' lang='lat' dir='ltr'><strong>nomm,</strong></span> <span class='ocrx_word' id='word_1_148' title='bbox 528 1701 693 1779; x_wconf 73' lang='lat' dir='ltr'><strong>singularem</strong></span> <span class='ocrx_word' id='word_1_149' title='bbox 712 1700 849 1775; x_wconf 78' lang='lat' dir='ltr'><strong>fortasse,</strong></span> <span class='ocrx_word' id='word_1_150' title='bbox 868 1701 910 1759; x_wconf 90' lang='lat' dir='ltr'><strong>uti</strong></span> <span class='ocrx_word' id='word_1_151' title='bbox 927 1700 1070 1779; x_wconf 78' lang='lat' dir='ltr'><strong>dicebam,</strong></span> <span class='ocrx_word' id='word_1_152' title='bbox 1093 1703 1133 1763; x_wconf 87' lang='lat' dir='ltr'><strong>ab</strong></span> <span class='ocrx_word' id='word_1_153' title='bbox 1150 1704 1236 1765; x_wconf 81' lang='lat' dir='ltr'><strong>ratin-</strong></span> 
     </span>
     <span class='ocr_line' id='line_1_17' title="bbox 139 1792 1236 1871; baseline 0 -14"><span class='ocrx_word' id='word_1_154' title='bbox 139 1816 213 1857; x_wconf 85' lang='lat' dir='ltr'><strong>netn.</strong></span> <span class='ocrx_word' id='word_1_155' title='bbox 250 1796 316 1855; x_wconf 88' lang='lat' dir='ltr'><strong>Dies</strong></span> <span class='ocrx_word' id='word_1_156' title='bbox 329 1794 530 1853; x_wconf 85' lang='lat' dir='ltr'><strong>Tubilustrium</strong></span> <span class='ocrx_word' id='word_1_157' title='bbox 545 1795 635 1853; x_wconf 81' lang='lat' dir='ltr'><strong>dietru</strong></span> <span class='ocrx_word' id='word_1_158' title='bbox 653 1806 747 1854; x_wconf 89' lang='lat' dir='ltr'><strong>notarn</strong></span> <span class='ocrx_word' id='word_1_159' title='bbox 761 1794 813 1853; x_wconf 88' lang='lat' dir='ltr'><strong>NP</strong></span> <span class='ocrx_word' id='word_1_160' title='bbox 826 1793 910 1852; x_wconf 90' lang='lat' dir='ltr'><strong>babet</strong></span> <span class='ocrx_word' id='word_1_161' title='bbox 928 1803 957 1853; x_wconf 83' lang='lat' dir='ltr'><strong>et</strong></span> <span class='ocrx_word' id='word_1_162' title='bbox 974 1792 1069 1871; x_wconf 82' lang='lat' dir='ltr'><strong>serias&#39;,</strong></span> <span class='ocrx_word' id='word_1_163' title='bbox 1086 1796 1139 1857; x_wconf 81' lang='lat' dir='ltr'><strong>aad</strong></span> <span class='ocrx_word' id='word_1_164' title='bbox 1156 1796 1236 1857; x_wconf 79' lang='lat' dir='ltr'><strong>llar-¹</strong></span> 
     </span>
     <span class='ocr_line' id='line_1_18' title="bbox 139 1885 1235 1967; baseline -0.003 -19"><span class='ocrx_word' id='word_1_165' title='bbox 139 1893 174 1951; x_wconf 82' lang='lat' dir='ltr'><strong>tis</strong></span> <span class='ocrx_word' id='word_1_166' title='bbox 195 1889 347 1949; x_wconf 89' lang='lat' dir='ltr'><strong>seeundum</strong></span> <span class='ocrx_word' id='word_1_167' title='bbox 371 1889 493 1945; x_wconf 89' lang='lat' dir='ltr'><strong>tabulam</strong></span> <span class='ocrx_word' id='word_1_168' title='bbox 511 1888 718 1951; x_wconf 84' lang='lat' dir='ltr'><strong>Praenestinam</strong></span> <span class='ocrx_word' id='word_1_169' title='bbox 741 1900 771 1947; x_wconf 92' lang='lat' dir='ltr'><strong>et</strong></span> <span class='ocrx_word' id='word_1_170' title='bbox 796 1885 869 1963; x_wconf 78' lang='lat' dir='ltr'><strong>Lyd.</strong></span> <span class='ocrx_word' id='word_1_171' title='bbox 888 1885 925 1946; x_wconf 91' lang='lat' dir='ltr'><strong>de</strong></span> <span class='ocrx_word' id='word_1_172' title='bbox 942 1905 1032 1947; x_wconf 87' lang='lat' dir='ltr'><strong>mens.</strong></span> <span class='ocrx_word' id='word_1_173' title='bbox 1050 1893 1150 1967; x_wconf 63' lang='lat' dir='ltr'><strong>paon</strong></span> <span class='ocrx_word' id='word_1_174' title='bbox 1166 1890 1235 1961; x_wconf 66' lang='lat' dir='ltr'><strong>Ro„</strong></span> 
     </span>
     <span class='ocr_line' id='line_1_19' title="bbox 137 1978 1235 2059; baseline 0 -16"><span class='ocrx_word' id='word_1_175' title='bbox 137 1986 283 2045; x_wconf 76' lang='lat' dir='ltr'><strong>Mineruae</strong></span> <span class='ocrx_word' id='word_1_176' title='bbox 306 1981 456 2043; x_wconf 82' lang='lat' dir='ltr'><strong>sanandum</strong></span> <span class='ocrx_word' id='word_1_177' title='bbox 483 1978 626 2039; x_wconf 86' lang='lat' dir='ltr'><strong>Ouidium.</strong></span> <span class='ocrx_word' id='word_1_178' title='bbox 669 1981 863 2050; x_wconf 86' lang='lat' dir='ltr'><strong>Quodetiatnsi</strong></span> <span class='ocrx_word' id='word_1_179' title='bbox 887 1980 964 2059; x_wconf 86' lang='lat' dir='ltr'><strong>apud</strong></span> <span class='ocrx_word' id='word_1_180' title='bbox 987 1980 1063 2042; x_wconf 91' lang='lat' dir='ltr'><strong>bunc</strong></span> <span class='ocrx_word' id='word_1_181' title='bbox 1086 1982 1160 2057; x_wconf 77' lang='lat' dir='ltr'><strong>[orti</strong></span> <span class='ocrx_word' id='word_1_182' title='bbox 1183 1982 1235 2045; x_wconf 86' lang='lat' dir='ltr'><strong>dea</strong></span> 
     </span>
     <span class='ocr_line' id='line_1_20' title="bbox 135 2074 1234 2157; baseline 0.002 -21"><span class='ocrx_word' id='word_1_183' title='bbox 135 2079 242 2157; x_wconf 82' lang='lat' dir='ltr'><strong>aliquot</strong></span> <span class='ocrx_word' id='word_1_184' title='bbox 260 2074 370 2139; x_wconf 82' lang='lat' dir='ltr'><strong>codices</strong></span> <span class='ocrx_word' id='word_1_185' title='bbox 385 2074 539 2152; x_wconf 85' lang='lat' dir='ltr'><strong>praebent,</strong></span> <span class='ocrx_word' id='word_1_186' title='bbox 565 2074 661 2133; x_wconf 91' lang='lat' dir='ltr'><strong>dubito</strong></span> <span class='ocrx_word' id='word_1_187' title='bbox 683 2076 775 2134; x_wconf 88' lang='lat' dir='ltr'><strong>adbuc</strong></span> <span class='ocrx_word' id='word_1_188' title='bbox 793 2074 830 2134; x_wconf 95' lang='lat' dir='ltr'><strong>de</strong></span> <span class='ocrx_word' id='word_1_189' title='bbox 848 2092 945 2133; x_wconf 87' lang='lat' dir='ltr'><strong>eorum</strong></span> <span class='ocrx_word' id='word_1_190' title='bbox 963 2074 1020 2135; x_wconf 84' lang='lat' dir='ltr'><strong>tide</strong></span> <span class='ocrx_word' id='word_1_191' title='bbox 1045 2084 1074 2135; x_wconf 85' lang='lat' dir='ltr'><strong>et</strong></span> <span class='ocrx_word' id='word_1_192' title='bbox 1097 2076 1137 2135; x_wconf 88' lang='lat' dir='ltr'><strong>de</strong></span> <span class='ocrx_word' id='word_1_193' title='bbox 1154 2086 1234 2139; x_wconf 65' lang='lat' dir='ltr'><strong>nue-</strong></span> 
     </span>
     <span class='ocr_line' id='line_1_21' title="bbox 135 2167 1234 2247; baseline 0 -14"><span class='ocrx_word' id='word_1_194' title='bbox 135 2192 199 2233; x_wconf 84' lang='lat' dir='ltr'><strong>snm</strong></span> <span class='ocrx_word' id='word_1_195' title='bbox 216 2179 360 2231; x_wconf 77' lang='lat' dir='ltr'><strong>annornm</strong></span> <span class='ocrx_word' id='word_1_196' title='bbox 379 2169 407 2224; x_wconf 87' lang='lat' dir='ltr'><strong>in</strong></span> <span class='ocrx_word' id='word_1_197' title='bbox 427 2185 462 2226; x_wconf 87' lang='lat' dir='ltr'><strong>ea</strong></span> <span class='ocrx_word' id='word_1_198' title='bbox 480 2185 512 2227; x_wconf 90' lang='lat' dir='ltr'><strong>re</strong></span> <span class='ocrx_word' id='word_1_199' title='bbox 529 2187 689 2229; x_wconf 74' lang='lat' dir='ltr'><strong>consemnz.</strong></span> <span class='ocrx_word' id='word_1_200' title='bbox 709 2168 794 2242; x_wconf 71' lang='lat' dir='ltr'><strong>fortis</strong></span> <span class='ocrx_word' id='word_1_201' title='bbox 811 2167 879 2227; x_wconf 82' lang='lat' dir='ltr'><strong>dean</strong></span> <span class='ocrx_word' id='word_1_202' title='bbox 895 2179 939 2227; x_wconf 88' lang='lat' dir='ltr'><strong>est</strong></span> <span class='ocrx_word' id='word_1_203' title='bbox 957 2168 1034 2228; x_wconf 84' lang='lat' dir='ltr'><strong>Fast.</strong></span> <span class='ocrx_word' id='word_1_204' title='bbox 1052 2168 1082 2244; x_wconf 77' lang='lat' dir='ltr'><strong>d,</strong></span> <span class='ocrx_word' id='word_1_205' title='bbox 1101 2170 1181 2247; x_wconf 79' lang='lat' dir='ltr'><strong>aba,</strong></span> <span class='ocrx_word' id='word_1_206' title='bbox 1203 2180 1234 2232; x_wconf 84' lang='lat' dir='ltr'><strong>at</strong></span> 
     </span>
     <span class='ocr_line' id='line_1_22' title="bbox 134 2259 1234 2336; baseline 0.004 -14"><span class='ocrx_word' id='word_1_207' title='bbox 134 2266 230 2327; x_wconf 76' lang='lat' dir='ltr'><strong>bsilice</strong></span> <span class='ocrx_word' id='word_1_208' title='bbox 245 2263 297 2322; x_wconf 90' lang='lat' dir='ltr'><strong>den</strong></span> <span class='ocrx_word' id='word_1_209' title='bbox 322 2268 352 2335; x_wconf 82' lang='lat' dir='ltr'><strong>a,</strong></span> <span class='ocrx_word' id='word_1_210' title='bbox 370 2263 444 2336; x_wconf 85' lang='grc'><strong>814,</strong></span> <span class='ocrx_word' id='word_1_211' title='bbox 471 2259 600 2321; x_wconf 73' lang='lat' dir='ltr'><strong>intenta</strong></span> <span class='ocrx_word' id='word_1_212' title='bbox 626 2272 656 2321; x_wconf 90' lang='lat' dir='ltr'><strong>et</strong></span> <span class='ocrx_word' id='word_1_213' title='bbox 681 2260 816 2335; x_wconf 70' lang='lat' dir='ltr'><strong>misero</strong></span> <span class='ocrx_word' id='word_1_214' title='bbox 840 2259 915 2319; x_wconf 86' lang='lat' dir='ltr'><strong>alibi.</strong></span> <span class='ocrx_word' id='word_1_215' title='bbox 953 2260 1135 2323; x_wconf 84' lang='lat' dir='ltr'><strong>Vaasscaium</strong></span> <span class='ocrx_word' id='word_1_216' title='bbox 1158 2266 1234 2325; x_wconf 87' lang='lat' dir='ltr'><strong>oculi</strong></span> 
     </span>
     <span class='ocr_line' id='line_1_23' title="bbox 134 2355 1234 2434; baseline -0.002 -15"><span class='ocrx_word' id='word_1_217' title='bbox 134 2360 311 2431; x_wconf 81' lang='lat' dir='ltr'><strong>teiellensnt,</strong></span> <span class='ocrx_word' id='word_1_218' title='bbox 335 2372 398 2411; x_wconf 76' lang='lat' dir='ltr'><strong>cun</strong></span> <span class='ocrx_word' id='word_1_219' title='bbox 416 2356 514 2430; x_wconf 59' lang='lat' dir='ltr'><strong>patto</strong></span> <span class='ocrx_word' id='word_1_220' title='bbox 531 2356 641 2434; x_wconf 85' lang='lat' dir='ltr'><strong>scripsit</strong></span> <span class='ocrx_word' id='word_1_221' title='bbox 657 2355 713 2415; x_wconf 90' lang='lat' dir='ltr'><strong>boc</strong></span> <span class='ocrx_word' id='word_1_222' title='bbox 730 2355 931 2413; x_wconf 84' lang='lat' dir='ltr'><strong>Tubilustrinm</strong></span> <span class='ocrx_word' id='word_1_223' title='bbox 956 2372 1013 2413; x_wconf 90' lang='lat' dir='ltr'><strong>noa</strong></span> <span class='ocrx_word' id='word_1_224' title='bbox 1030 2374 1234 2419; x_wconf 68' lang='lat' dir='ltr'><strong>communera-</strong></span> 
     </span>
    </p>
   </div>
   <div class='ocr_carea' id='block_1_5' title="bbox 28 2443 1231 2526">
    <p class='ocr_par' dir='ltr' id='par_1_5' title="bbox 28 2443 1231 2526">
     <span class='ocr_line' id='line_1_24' title="bbox 28 2443 1231 2526; baseline 0.003 -19"><span class='ocrx_word' id='word_1_225' title='bbox 28 2512 32 2517; x_wconf 64' lang='grc'><strong>,</strong></span> <span class='ocrx_word' id='word_1_226' title='bbox 135 2463 195 2513; x_wconf 85' lang='lat' dir='ltr'><strong>tum</strong></span> <span class='ocrx_word' id='word_1_227' title='bbox 220 2466 282 2508; x_wconf 85' lang='lat' dir='ltr'><strong>esse</strong></span> <span class='ocrx_word' id='word_1_228' title='bbox 304 2448 340 2505; x_wconf 88' lang='lat' dir='ltr'><strong>ab</strong></span> <span class='ocrx_word' id='word_1_229' title='bbox 359 2443 473 2505; x_wconf 82' lang='lat' dir='ltr'><strong>Ouidio.</strong></span> <span class='ocrx_word' id='word_1_230' title='bbox 512 2448 576 2507; x_wconf 83' lang='lat' dir='ltr'><strong>lloe</strong></span> <span class='ocrx_word' id='word_1_231' title='bbox 598 2460 667 2511; x_wconf 85' lang='lat' dir='ltr'><strong>uero</strong></span> <span class='ocrx_word' id='word_1_232' title='bbox 690 2460 768 2509; x_wconf 85' lang='lat' dir='ltr'><strong>recte</strong></span> <span class='ocrx_word' id='word_1_233' title='bbox 792 2447 1003 2523; x_wconf 85' lang='lat' dir='ltr'><strong>animaduertit,</strong></span> <span class='ocrx_word' id='word_1_234' title='bbox 1030 2450 1148 2526; x_wconf 85' lang='lat' dir='ltr'><strong>prox&#39;uni</strong></span> <span class='ocrx_word' id='word_1_235' title='bbox 1171 2450 1231 2511; x_wconf 85' lang='lat' dir='ltr'><strong>diei</strong></span> 
     </span>
    </p>
   </div>
   <div class='ocr_carea' id='block_1_6' title="bbox 129 2524 1271 3643">
    <p class='ocr_par' dir='ltr' id='par_1_6' title="bbox 129 2524 1271 3643">
     <span class='ocr_line' id='line_1_25' title="bbox 136 2524 1230 2621; baseline -0.006 -16"><span class='ocrx_word' id='word_1_236' title='bbox 136 2554 217 2604; x_wconf 86' lang='lat' dir='ltr'><strong>notas</strong></span> <span class='ocrx_word' id='word_1_237' title='bbox 240 2543 270 2599; x_wconf 90' lang='lat' dir='ltr'><strong>iu</strong></span> <span class='ocrx_word' id='word_1_238' title='bbox 288 2539 383 2599; x_wconf 83' lang='lat' dir='ltr'><strong>tabnla</strong></span> <span class='ocrx_word' id='word_1_239' title='bbox 400 2537 496 2597; x_wconf 73' lang='lat' dir='ltr'><strong>unffi:</strong></span> <span class='ocrx_word' id='word_1_240' title='bbox 521 2524 760 2609; x_wconf 47' lang='lat' dir='ltr'><strong>onumen·</strong></span> <span class='ocrx_word' id='word_1_241' title='bbox 779 2560 835 2603; x_wconf 90' lang='lat' dir='ltr'><strong>non</strong></span> <span class='ocrx_word' id='word_1_242' title='bbox 853 2541 985 2619; x_wconf 84' lang='lat' dir='ltr'><strong>explicari</strong></span> <span class='ocrx_word' id='word_1_243' title='bbox 1003 2560 1020 2599; x_wconf 91' lang='grc' dir='ltr'><strong>ιι</strong></span> <span class='ocrx_word' id='word_1_244' title='bbox 1038 2552 1132 2621; x_wconf 82' lang='lat' dir='ltr'><strong>posta.</strong></span> <span class='ocrx_word' id='word_1_245' title='bbox 1170 2544 1230 2606; x_wconf 80' lang='lat' dir='ltr'><strong>Na·</strong></span> 
     </span>
     <span class='ocr_line' id='line_1_26' title="bbox 135 2631 1229 2717; baseline 0 -22"><span class='ocrx_word' id='word_1_246' title='bbox 135 2655 192 2717; x_wconf 87' lang='lat' dir='ltr'><strong>que</strong></span> <span class='ocrx_word' id='word_1_247' title='bbox 209 2646 303 2694; x_wconf 85' lang='lat' dir='ltr'><strong>tamen</strong></span> <span class='ocrx_word' id='word_1_248' title='bbox 320 2631 358 2688; x_wconf 89' lang='lat' dir='ltr'><strong>de</strong></span> <span class='ocrx_word' id='word_1_249' title='bbox 381 2633 533 2691; x_wconf 82' lang='lat' dir='ltr'><strong>mutatione</strong></span> <span class='ocrx_word' id='word_1_250' title='bbox 557 2633 691 2693; x_wconf 72' lang='lat' dir='ltr'><strong>interum</strong></span> <span class='ocrx_word' id='word_1_251' title='bbox 715 2636 810 2693; x_wconf 83' lang='lat' dir='ltr'><strong>tabula</strong></span> <span class='ocrx_word' id='word_1_252' title='bbox 836 2651 871 2694; x_wconf 85' lang='lat' dir='ltr'><strong>en</strong></span> <span class='ocrx_word' id='word_1_253' title='bbox 894 2636 1040 2693; x_wconf 78' lang='lat' dir='ltr'><strong>recentiori</strong></span> <span class='ocrx_word' id='word_1_254' title='bbox 1064 2654 1119 2713; x_wconf 90' lang='lat' dir='ltr'><strong>per</strong></span> <span class='ocrx_word' id='word_1_255' title='bbox 1135 2639 1229 2715; x_wconf 82' lang='lat' dir='ltr'><strong>Angu-</strong></span> 
     </span>
     <span class='ocr_line' id='line_1_27' title="bbox 133 2723 1227 2803; baseline 0.002 -14"><span class='ocrx_word' id='word_1_256' title='bbox 133 2742 208 2790; x_wconf 84' lang='lat' dir='ltr'><strong>etum</strong></span> <span class='ocrx_word' id='word_1_257' title='bbox 232 2723 407 2803; x_wconf 87' lang='lat' dir='ltr'><strong>cogitandum</strong></span> <span class='ocrx_word' id='word_1_258' title='bbox 425 2735 486 2800; x_wconf 87' lang='lat' dir='ltr'><strong>est,</strong></span> <span class='ocrx_word' id='word_1_259' title='bbox 510 2727 586 2803; x_wconf 91' lang='lat' dir='ltr'><strong>quod</strong></span> <span class='ocrx_word' id='word_1_260' title='bbox 606 2728 785 2787; x_wconf 85' lang='lat' dir='ltr'><strong>Vnesseaium</strong></span> <span class='ocrx_word' id='word_1_261' title='bbox 810 2729 905 2787; x_wconf 84' lang='lat' dir='ltr'><strong>tabula</strong></span> <span class='ocrx_word' id='word_1_262' title='bbox 923 2729 1105 2788; x_wconf 85' lang='lat' dir='ltr'><strong>Praenestina</strong></span> <span class='ocrx_word' id='word_1_263' title='bbox 1128 2728 1227 2791; x_wconf 80' lang='lat' dir='ltr'><strong>decere</strong></span> 
     </span>
     <span class='ocr_line' id='line_1_28' title="bbox 133 2817 1225 2902; baseline 0.005 -26"><span class='ocrx_word' id='word_1_264' title='bbox 133 2829 261 2902; x_wconf 80' lang='lat' dir='ltr'><strong>poterat,</strong></span> <span class='ocrx_word' id='word_1_265' title='bbox 288 2834 380 2895; x_wconf 91' lang='lat' dir='ltr'><strong>neque</strong></span> <span class='ocrx_word' id='word_1_266' title='bbox 397 2818 564 2894; x_wconf 76' lang='lat' dir='ltr'><strong>negligentia</strong></span> <span class='ocrx_word' id='word_1_267' title='bbox 583 2817 676 2878; x_wconf 90' lang='lat' dir='ltr'><strong>Ouidii</strong></span> <span class='ocrx_word' id='word_1_268' title='bbox 693 2821 862 2894; x_wconf 79' lang='lat' dir='ltr'><strong>inroranda,</strong></span> <span class='ocrx_word' id='word_1_269' title='bbox 886 2820 1060 2893; x_wconf 78' lang='lat' dir='ltr'><strong>redictum,</strong></span> <span class='ocrx_word' id='word_1_270' title='bbox 1086 2824 1164 2901; x_wconf 89' lang='lat' dir='ltr'><strong>qnod</strong></span> <span class='ocrx_word' id='word_1_271' title='bbox 1190 2824 1225 2881; x_wconf 89' lang='lat' dir='ltr'><strong>ab</strong></span> 
     </span>
     <span class='ocr_line' id='line_1_29' title="bbox 133 2910 1223 2997; baseline 0.005 -26"><span class='ocrx_word' id='word_1_272' title='bbox 133 2932 220 2997; x_wconf 87' lang='lat' dir='ltr'><strong>opere</strong></span> <span class='ocrx_word' id='word_1_273' title='bbox 234 2910 398 2990; x_wconf 77' lang='lat' dir='ltr'><strong>imperfecte</strong></span> <span class='ocrx_word' id='word_1_274' title='bbox 416 2928 480 2969; x_wconf 86' lang='lat' dir='ltr'><strong>enm</strong></span> <span class='ocrx_word' id='word_1_275' title='bbox 498 2912 612 2971; x_wconf 88' lang='lat' dir='ltr'><strong>amnuit.</strong></span> <span class='ocrx_word' id='word_1_276' title='bbox 650 2913 689 2971; x_wconf 88' lang='lat' dir='ltr'><strong>Vl</strong></span> <span class='ocrx_word' id='word_1_277' title='bbox 707 2914 774 2973; x_wconf 84' lang='lat' dir='ltr'><strong>Kal.</strong></span> <span class='ocrx_word' id='word_1_278' title='bbox 794 2913 846 2973; x_wconf 90' lang='lat' dir='ltr'><strong>NP</strong></span> <span class='ocrx_word' id='word_1_279' title='bbox 863 2914 1000 2991; x_wconf 88' lang='lat' dir='ltr'><strong>signatum</strong></span> <span class='ocrx_word' id='word_1_280' title='bbox 1027 2910 1163 2975; x_wconf 83' lang='lat' dir='ltr'><strong>existimat</strong></span> <span class='ocrx_word' id='word_1_281' title='bbox 1180 2916 1223 2975; x_wconf 81' lang='lat' dir='ltr'><strong>Pi·</strong></span> 
     </span>
     <span class='ocr_line' id='line_1_30' title="bbox 132 3000 1223 3089; baseline 0.003 -22"><span class='ocrx_word' id='word_1_282' title='bbox 132 3009 211 3089; x_wconf 88' lang='lat' dir='ltr'><strong>gbins</strong></span> <span class='ocrx_word' id='word_1_283' title='bbox 229 3008 258 3065; x_wconf 92' lang='lat' dir='ltr'><strong>in</strong></span> <span class='ocrx_word' id='word_1_284' title='bbox 275 3005 471 3063; x_wconf 88' lang='lat' dir='ltr'><strong>commentario</strong></span> <span class='ocrx_word' id='word_1_285' title='bbox 489 3005 610 3081; x_wconf 84' lang='lat' dir='ltr'><strong>inedito,</strong></span> <span class='ocrx_word' id='word_1_286' title='bbox 629 3010 694 3084; x_wconf 89' lang='lat' dir='ltr'><strong>quia</strong></span> <span class='ocrx_word' id='word_1_287' title='bbox 712 3026 747 3065; x_wconf 90' lang='lat' dir='ltr'><strong>eo</strong></span> <span class='ocrx_word' id='word_1_288' title='bbox 766 3007 812 3069; x_wconf 88' lang='lat' dir='ltr'><strong>die</strong></span> <span class='ocrx_word' id='word_1_289' title='bbox 831 3024 909 3065; x_wconf 88' lang='lat' dir='ltr'><strong>sacra</strong></span> <span class='ocrx_word' id='word_1_290' title='bbox 927 3000 1165 3084; x_wconf 82' lang='lat' dir='ltr'><strong>MagnaeMatris</strong></span> <span class='ocrx_word' id='word_1_291' title='bbox 1180 3010 1223 3069; x_wconf 85' lang='lat' dir='ltr'><strong>is-</strong></span> 
     </span>
     <span class='ocr_line' id='line_1_31' title="bbox 131 3098 1222 3180; baseline -0.001 -17"><span class='ocrx_word' id='word_1_292' title='bbox 131 3103 282 3180; x_wconf 86' lang='lat' dir='ltr'><strong>eneperiat.</strong></span> <span class='ocrx_word' id='word_1_293' title='bbox 329 3098 419 3157; x_wconf 86' lang='lat' dir='ltr'><strong>Docte</strong></span> <span class='ocrx_word' id='word_1_294' title='bbox 446 3098 501 3156; x_wconf 90' lang='lat' dir='ltr'><strong>boe</strong></span> <span class='ocrx_word' id='word_1_295' title='bbox 525 3099 689 3159; x_wconf 83' lang='lat' dir='ltr'><strong>obserantur</strong></span> <span class='ocrx_word' id='word_1_296' title='bbox 713 3118 749 3159; x_wconf 84' lang='lat' dir='ltr'><strong>ex</strong></span> <span class='ocrx_word' id='word_1_297' title='bbox 776 3100 912 3159; x_wconf 82' lang='lat' dir='ltr'><strong>Ammian.</strong></span> <span class='ocrx_word' id='word_1_298' title='bbox 932 3101 1057 3163; x_wconf 87' lang='lat' dir='ltr'><strong>Marcell.</strong></span> <span class='ocrx_word' id='word_1_299' title='bbox 1081 3106 1171 3176; x_wconf 71' lang='lat'><strong>2³,3</strong></span> <span class='ocrx_word' id='word_1_300' title='bbox 1196 3110 1222 3161; x_wconf 90' lang='lat' dir='ltr'><strong>et</strong></span> 
     </span>
     <span class='ocr_line' id='line_1_32' title="bbox 132 3190 1221 3271; baseline 0.001 -17"><span class='ocrx_word' id='word_1_301' title='bbox 132 3197 214 3255; x_wconf 80' lang='lat' dir='ltr'><strong>Vibio</strong></span> <span class='ocrx_word' id='word_1_302' title='bbox 232 3192 376 3270; x_wconf 83' lang='lat' dir='ltr'><strong>Seqnestri</strong></span> <span class='ocrx_word' id='word_1_303' title='bbox 399 3191 436 3250; x_wconf 88' lang='lat' dir='ltr'><strong>de</strong></span> <span class='ocrx_word' id='word_1_304' title='bbox 460 3190 567 3250; x_wconf 86' lang='lat' dir='ltr'><strong>flumin.</strong></span> <span class='ocrx_word' id='word_1_305' title='bbox 585 3212 615 3271; x_wconf 89' lang='lat' dir='ltr'><strong>p.</strong></span> <span class='ocrx_word' id='word_1_306' title='bbox 632 3193 670 3251; x_wconf 76' lang='lat'><strong>14</strong></span> <span class='ocrx_word' id='word_1_307' title='bbox 689 3193 735 3253; x_wconf 89' lang='lat' dir='ltr'><strong>ed.</strong></span> <span class='ocrx_word' id='word_1_308' title='bbox 756 3193 864 3257; x_wconf 79' lang='lat' dir='ltr'><strong>Hessel.</strong></span> <span class='ocrx_word' id='word_1_309' title='bbox 906 3193 1011 3251; x_wconf 82' lang='lat' dir='ltr'><strong>Verum</strong></span> <span class='ocrx_word' id='word_1_310' title='bbox 1032 3194 1099 3253; x_wconf 85' lang='lat' dir='ltr'><strong>satis</strong></span> <span class='ocrx_word' id='word_1_311' title='bbox 1123 3204 1167 3253; x_wconf 83' lang='lat' dir='ltr'><strong>est</strong></span> <span class='ocrx_word' id='word_1_312' title='bbox 1189 3194 1221 3255; x_wconf 82' lang='lat' dir='ltr'><strong>etl</strong></span> 
     </span>
     <span class='ocr_line' id='line_1_33' title="bbox 132 3285 1222 3363; baseline -0.001 -15"><span class='ocrx_word' id='word_1_313' title='bbox 132 3296 226 3348; x_wconf 86' lang='lat' dir='ltr'><strong>notam</strong></span> <span class='ocrx_word' id='word_1_314' title='bbox 245 3285 435 3362; x_wconf 81' lang='lat' dir='ltr'><strong>explicandam</strong></span> <span class='ocrx_word' id='word_1_315' title='bbox 454 3285 530 3362; x_wconf 90' lang='lat' dir='ltr'><strong>qnod</strong></span> <span class='ocrx_word' id='word_1_316' title='bbox 548 3287 692 3344; x_wconf 78' lang='lat' dir='ltr'><strong>ascribitur</strong></span> <span class='ocrx_word' id='word_1_317' title='bbox 716 3286 753 3344; x_wconf 90' lang='lat' dir='ltr'><strong>de</strong></span> <span class='ocrx_word' id='word_1_318' title='bbox 772 3296 856 3363; x_wconf 85' lang='lat' dir='ltr'><strong>capta</strong></span> <span class='ocrx_word' id='word_1_319' title='bbox 875 3287 1039 3344; x_wconf 81' lang='lat' dir='ltr'><strong>Alexandria</strong></span> <span class='ocrx_word' id='word_1_320' title='bbox 1058 3306 1076 3343; x_wconf 87' lang='lat' dir='ltr'><strong>a</strong></span> <span class='ocrx_word' id='word_1_321' title='bbox 1096 3287 1131 3347; x_wconf 89' lang='lat' dir='ltr'><strong>C.</strong></span> <span class='ocrx_word' id='word_1_322' title='bbox 1150 3287 1222 3347; x_wconf 84' lang='lat' dir='ltr'><strong>Cas·</strong></span> 
     </span>
     <span class='ocr_line' id='line_1_34' title="bbox 131 3378 1221 3457; baseline -0.001 -16"><span class='ocrx_word' id='word_1_323' title='bbox 131 3399 211 3456; x_wconf 79' lang='lat' dir='ltr'><strong>sure3</strong></span> <span class='ocrx_word' id='word_1_324' title='bbox 239 3380 299 3437; x_wconf 85' lang='lat' dir='ltr'><strong>eius</strong></span> <span class='ocrx_word' id='word_1_325' title='bbox 318 3379 390 3437; x_wconf 88' lang='lat' dir='ltr'><strong>enim</strong></span> <span class='ocrx_word' id='word_1_326' title='bbox 412 3398 505 3437; x_wconf 88' lang='lat' dir='ltr'><strong>omnes</strong></span> <span class='ocrx_word' id='word_1_327' title='bbox 531 3398 621 3457; x_wconf 87' lang='lat' dir='ltr'><strong>paene</strong></span> <span class='ocrx_word' id='word_1_328' title='bbox 642 3381 770 3438; x_wconf 82' lang='lat' dir='ltr'><strong>rtictorias</strong></span> <span class='ocrx_word' id='word_1_329' title='bbox 787 3378 863 3437; x_wconf 72' lang='lat' dir='ltr'><strong>feriis</strong></span> <span class='ocrx_word' id='word_1_330' title='bbox 883 3379 1038 3437; x_wconf 85' lang='lat' dir='ltr'><strong>celebratos</strong></span> <span class='ocrx_word' id='word_1_331' title='bbox 1057 3396 1121 3439; x_wconf 86' lang='lat' dir='ltr'><strong>esse</strong></span> <span class='ocrx_word' id='word_1_332' title='bbox 1141 3380 1221 3439; x_wconf 84' lang='lat' dir='ltr'><strong>tradit</strong></span> 
     </span>
     <span class='ocr_line' id='line_1_35' title="bbox 129 3470 1271 3555; baseline -0.001 -21"><span class='ocrx_word' id='word_1_333' title='bbox 129 3476 184 3534; x_wconf 85' lang='lat' dir='ltr'><strong>Dio</strong></span> <span class='ocrx_word' id='word_1_334' title='bbox 202 3476 252 3549; x_wconf 77' lang='grc'><strong>43,</strong></span> <span class='ocrx_word' id='word_1_335' title='bbox 265 3471 313 3530; x_wconf 88' lang='grc'><strong>44.</strong></span> <span class='ocrx_word' id='word_1_336' title='bbox 351 3470 427 3529; x_wconf 86' lang='lat' dir='ltr'><strong>idem</strong></span> <span class='ocrx_word' id='word_1_337' title='bbox 446 3472 521 3547; x_wconf 92' lang='lat' dir='ltr'><strong>qnod</strong></span> <span class='ocrx_word' id='word_1_338' title='bbox 537 3474 620 3531; x_wconf 86' lang='lat' dir='ltr'><strong>tradit</strong></span> <span class='ocrx_word' id='word_1_339' title='bbox 639 3478 688 3547; x_wconf 86' lang='lat'><strong>42,</strong></span> <span class='ocrx_word' id='word_1_340' title='bbox 705 3474 845 3543; x_wconf 78' lang='grc'><strong>34-43,</strong></span> <span class='ocrx_word' id='word_1_341' title='bbox 863 3471 947 3531; x_wconf 88' lang='lat' dir='ltr'><strong>docet</strong></span> <span class='ocrx_word' id='word_1_342' title='bbox 965 3482 1040 3530; x_wconf 89' lang='lat' dir='ltr'><strong>recte</strong></span> <span class='ocrx_word' id='word_1_343' title='bbox 1057 3474 1159 3548; x_wconf 88' lang='lat' dir='ltr'><strong>quinto</strong></span> <span class='ocrx_word' id='word_1_344' title='bbox 1176 3472 1222 3533; x_wconf 88' lang='lat' dir='ltr'><strong>de·</strong></span> <span class='ocrx_word' id='word_1_345' title='bbox 1269 3546 1271 3555; x_wconf 33' lang='grc' dir='ltr'>Ι</span> 
     </span>
     <span class='ocr_line' id='line_1_36' title="bbox 129 3564 1222 3643; baseline -0.003 -15"><span class='ocrx_word' id='word_1_346' title='bbox 129 3588 205 3629; x_wconf 84' lang='grc' dir='ltr'>ιιιιιιιι</span> <span class='ocrx_word' id='word_1_347' title='bbox 224 3583 317 3625; x_wconf 86' lang='lat' dir='ltr'><strong>mense</strong></span> <span class='ocrx_word' id='word_1_348' title='bbox 343 3575 406 3642; x_wconf 88' lang='lat' dir='ltr'><strong>post</strong></span> <span class='ocrx_word' id='word_1_349' title='bbox 418 3565 573 3622; x_wconf 81' lang='lat' dir='ltr'><strong>aduentum</strong></span> <span class='ocrx_word' id='word_1_350' title='bbox 594 3566 720 3623; x_wconf 85' lang='lat' dir='ltr'><strong>Caesaris</strong></span> <span class='ocrx_word' id='word_1_351' title='bbox 744 3566 773 3621; x_wconf 91' lang='lat' dir='ltr'><strong>in</strong></span> <span class='ocrx_word' id='word_1_352' title='bbox 792 3570 947 3643; x_wconf 79' lang='lat' dir='ltr'><strong>Aegyptum</strong></span> <span class='ocrx_word' id='word_1_353' title='bbox 967 3564 1161 3623; x_wconf 81' lang='lat' dir='ltr'><strong>Alexandriam</strong></span> <span class='ocrx_word' id='word_1_354' title='bbox 1179 3582 1222 3625; x_wconf 80' lang='lat' dir='ltr'><strong>te·</strong></span> 
     </span>
    </p>
   </div>
   <div class='ocr_carea' id='block_1_7' title="bbox 125 3656 1223 4207">
    <p class='ocr_par' dir='ltr' id='par_1_7' title="bbox 125 3656 1223 4207">
     <span class='ocr_line' id='line_1_37' title="bbox 128 3656 1222 3741; baseline -0.004 -20"><span class='ocrx_word' id='word_1_355' title='bbox 128 3673 239 3741; x_wconf 85' lang='lat' dir='ltr'><strong>ceptam</strong></span> <span class='ocrx_word' id='word_1_356' title='bbox 258 3660 322 3718; x_wconf 87' lang='lat' dir='ltr'><strong>dici.</strong></span> <span class='ocrx_word' id='word_1_357' title='bbox 362 3659 423 3714; x_wconf 88' lang='lat' dir='ltr'><strong>lloe</strong></span> <span class='ocrx_word' id='word_1_358' title='bbox 450 3675 562 3733; x_wconf 88' lang='lat' dir='ltr'><strong>quoque</strong></span> <span class='ocrx_word' id='word_1_359' title='bbox 588 3676 728 3736; x_wconf 88' lang='lat' dir='ltr'><strong>nunqnam</strong></span> <span class='ocrx_word' id='word_1_360' title='bbox 748 3656 866 3717; x_wconf 91' lang='lat' dir='ltr'><strong>Ouidius</strong></span> <span class='ocrx_word' id='word_1_361' title='bbox 891 3658 1042 3732; x_wconf 89' lang='lat' dir='ltr'><strong>omisisset,</strong></span> <span class='ocrx_word' id='word_1_362' title='bbox 1066 3657 1092 3715; x_wconf 91' lang='lat' dir='ltr'><strong>si</strong></span> <span class='ocrx_word' id='word_1_363' title='bbox 1113 3675 1222 3717; x_wconf 78' lang='lat' dir='ltr'><strong>carmel</strong></span> 
     </span>
     <span class='ocr_line' id='line_1_38' title="bbox 128 3750 1222 3812; baseline -0.003 0"><span class='ocrx_word' id='word_1_364' title='bbox 128 3754 299 3812; x_wconf 85' lang='lat' dir='ltr'><strong>absoluisset.</strong></span> <span class='ocrx_word' id='word_1_365' title='bbox 338 3752 369 3809; x_wconf 92' lang='lat' dir='ltr'><strong>ln</strong></span> <span class='ocrx_word' id='word_1_366' title='bbox 389 3760 514 3809; x_wconf 83' lang='lat' dir='ltr'><strong>extremo</strong></span> <span class='ocrx_word' id='word_1_367' title='bbox 532 3752 632 3809; x_wconf 87' lang='lat' dir='ltr'><strong>mensis</strong></span> <span class='ocrx_word' id='word_1_368' title='bbox 652 3752 735 3809; x_wconf 91' lang='lat' dir='ltr'><strong>biduo</strong></span> <span class='ocrx_word' id='word_1_369' title='bbox 758 3770 851 3809; x_wconf 87' lang='lat' dir='ltr'><strong>sacras</strong></span> <span class='ocrx_word' id='word_1_370' title='bbox 877 3752 1050 3810; x_wconf 87' lang='lat' dir='ltr'><strong>celebritates</strong></span> <span class='ocrx_word' id='word_1_371' title='bbox 1078 3750 1149 3808; x_wconf 87' lang='lat' dir='ltr'><strong>duas</strong></span> <span class='ocrx_word' id='word_1_372' title='bbox 1174 3768 1222 3809; x_wconf 84' lang='lat' dir='ltr'><strong>an-</strong></span> 
     </span>
     <span class='ocr_line' id='line_1_39' title="bbox 130 3842 1223 3925; baseline -0.001 -21"><span class='ocrx_word' id='word_1_373' title='bbox 130 3856 217 3904; x_wconf 87' lang='lat' dir='ltr'><strong>notat.</strong></span> <span class='ocrx_word' id='word_1_374' title='bbox 228 3843 362 3918; x_wconf 87' lang='lat' dir='ltr'><strong>Ouidius,</strong></span> <span class='ocrx_word' id='word_1_375' title='bbox 382 3861 498 3920; x_wconf 86' lang='lat' dir='ltr'><strong>quarum</strong></span> <span class='ocrx_word' id='word_1_376' title='bbox 517 3844 639 3902; x_wconf 86' lang='lat' dir='ltr'><strong>neutrius</strong></span> <span class='ocrx_word' id='word_1_377' title='bbox 657 3845 785 3903; x_wconf 88' lang='lat' dir='ltr'><strong>indicium</strong></span> <span class='ocrx_word' id='word_1_378' title='bbox 804 3845 893 3915; x_wconf 85' lang='lat' dir='ltr'><strong>estin</strong></span> <span class='ocrx_word' id='word_1_379' title='bbox 920 3846 1013 3904; x_wconf 85' lang='lat' dir='ltr'><strong>tabula</strong></span> <span class='ocrx_word' id='word_1_380' title='bbox 1031 3842 1110 3905; x_wconf 71' lang='lat' dir='ltr'><strong>ann</strong></span> <span class='ocrx_word' id='word_1_381' title='bbox 1136 3844 1223 3925; x_wconf 62' lang='lat' dir='ltr'><strong>Can·</strong></span> 
     </span>
     <span class='ocr_line' id='line_1_40' title="bbox 126 3937 1222 4015; baseline -0.003 -17"><span class='ocrx_word' id='word_1_382' title='bbox 126 3958 187 3998; x_wconf 88' lang='lat' dir='ltr'><strong>sam</strong></span> <span class='ocrx_word' id='word_1_383' title='bbox 207 3940 264 3997; x_wconf 89' lang='lat' dir='ltr'><strong>eius</strong></span> <span class='ocrx_word' id='word_1_384' title='bbox 283 3939 323 3996; x_wconf 91' lang='lat' dir='ltr'><strong>rei</strong></span> <span class='ocrx_word' id='word_1_385' title='bbox 341 3937 521 4013; x_wconf 82' lang='lat' dir='ltr'><strong>indagemus,</strong></span> <span class='ocrx_word' id='word_1_386' title='bbox 547 3955 620 4015; x_wconf 86' lang='lat' dir='ltr'><strong>qnae</strong></span> <span class='ocrx_word' id='word_1_387' title='bbox 644 3957 700 3996; x_wconf 91' lang='lat' dir='ltr'><strong>nan</strong></span> <span class='ocrx_word' id='word_1_388' title='bbox 725 3939 823 3997; x_wconf 88' lang='lat' dir='ltr'><strong>eadem</strong></span> <span class='ocrx_word' id='word_1_389' title='bbox 850 3939 997 4015; x_wconf 88' lang='lat' dir='ltr'><strong>utrobique</strong></span> <span class='ocrx_word' id='word_1_390' title='bbox 1022 3956 1083 3997; x_wconf 85' lang='lat' dir='ltr'><strong>esse</strong></span> <span class='ocrx_word' id='word_1_391' title='bbox 1102 3937 1222 3997; x_wconf 87' lang='lat' dir='ltr'><strong>uidetur.</strong></span> 
     </span>
     <span class='ocr_line' id='line_1_41' title="bbox 127 4019 1223 4110; baseline 0 -19"><span class='ocrx_word' id='word_1_392' title='bbox 127 4033 277 4110; x_wconf 71' lang='lat' dir='ltr'><strong>llogginius</strong></span> <span class='ocrx_word' id='word_1_393' title='bbox 295 4030 332 4089; x_wconf 91' lang='lat' dir='ltr'><strong>ad</strong></span> <span class='ocrx_word' id='word_1_394' title='bbox 350 4031 433 4088; x_wconf 86' lang='lat' dir='ltr'><strong>finem</strong></span> <span class='ocrx_word' id='word_1_395' title='bbox 452 4019 564 4089; x_wconf 82' lang='lat' dir='ltr'><strong>tabulae</strong></span> <span class='ocrx_word' id='word_1_396' title='bbox 582 4033 686 4109; x_wconf 83' lang='lat' dir='ltr'><strong>primae</strong></span> <span class='ocrx_word' id='word_1_397' title='bbox 705 4030 804 4091; x_wconf 87' lang='lat' dir='ltr'><strong>Praen.</strong></span> <span class='ocrx_word' id='word_1_398' title='bbox 822 4050 879 4089; x_wconf 91' lang='lat' dir='ltr'><strong>non</strong></span> <span class='ocrx_word' id='word_1_399' title='bbox 898 4033 970 4089; x_wconf 86' lang='lat' dir='ltr'><strong>male</strong></span> <span class='ocrx_word' id='word_1_400' title='bbox 997 4032 1157 4091; x_wconf 83' lang='lat' dir='ltr'><strong>obseruauit</strong></span> <span class='ocrx_word' id='word_1_401' title='bbox 1177 4048 1223 4091; x_wconf 81' lang='lat' dir='ltr'><strong>ra·</strong></span> 
     </span>
     <span class='ocr_line' id='line_1_42' title="bbox 125 4124 1223 4207; baseline -0.001 -23"><span class='ocrx_word' id='word_1_402' title='bbox 125 4125 201 4184; x_wconf 89' lang='lat' dir='ltr'><strong>ditus</strong></span> <span class='ocrx_word' id='word_1_403' title='bbox 226 4127 373 4204; x_wconf 87' lang='lat' dir='ltr'><strong>plerasque</strong></span> <span class='ocrx_word' id='word_1_404' title='bbox 393 4125 507 4201; x_wconf 83' lang='lat' dir='ltr'><strong>Augusti</strong></span> <span class='ocrx_word' id='word_1_405' title='bbox 526 4143 562 4185; x_wconf 80' lang='lat' dir='ltr'><strong>ex</strong></span> <span class='ocrx_word' id='word_1_406' title='bbox 589 4126 692 4185; x_wconf 88' lang='lat' dir='ltr'><strong>bellicis</strong></span> <span class='ocrx_word' id='word_1_407' title='bbox 713 4126 931 4207; x_wconf 75' lang='lat' dir='ltr'><strong>expeditionibus</strong></span> <span class='ocrx_word' id='word_1_408' title='bbox 949 4124 1068 4185; x_wconf 69' lang='grc' dir='ltr'>Βοιιιιιιι</span> <span class='ocrx_word' id='word_1_409' title='bbox 1087 4142 1156 4185; x_wconf 83' lang='lat' dir='ltr'><strong>arae</strong></span> <span class='ocrx_word' id='word_1_410' title='bbox 1174 4124 1223 4183; x_wconf 87' lang='lat' dir='ltr'><strong>ali·</strong></span> 
     </span>
    </p>
   </div>
   <div class='ocr_carea' id='block_1_8' title="bbox 0 0 1280 4574">
    <p class='ocr_par' dir='ltr' id='par_1_8' title="bbox 0 0 1280 4574">
     <span class='ocr_line' id='line_1_43' title="bbox 0 0 1280 4574; baseline 0 6"><span class='ocrx_word' id='word_1_411' title='bbox 0 0 1280 4574; x_wconf 95' lang='lat' dir='ltr'><strong> </strong></span> 
     </span>
    </p>
   </div>
  </div>
 </body>
</html>
