2550 4574
28 221 34 238 1
128 268 255 320 001le
599 263 644 313 ms
664 262 739 314 Didi!

126 419 325 502 possmus
340 423 454 494 aanor,
474 415 604 478 astam
621 402 1048 496 meermannianam
1065 416 1228 499 nasoon

126 514 213 593 past,
231 511 303 592 quod
315 519 342 571 et
354 510 407 572 loni
425 509 591 585 wblbuiwts
608 517 635 570 st
653 514 744 588 operis
761 511 894 589 dignitate
910 515 1116 589 proemium.
1144 512 1226 575 Idem

71 666 73 671 .
126 613 157 685 8,
176 609 195 667 5
215 607 279 666 deos
299 610 434 667 ruamur
451 607 573 681 parurn
598 621 616 663 a
634 604 761 664 Varrone
786 613 929 664 enarrator
951 607 1088 665 existimat
1105 613 1136 665 et
1154 609 1184 677 7,
1205 612 1225 664 2

125 703 165 762 de
183 719 266 761 causa
290 700 362 758 illius
388 697 580 777 appellationis
603 698 762 758 nomam
788 696 870 756 ualde
893 698 1008 776 satagit:
1034 709 1068 757 ut
1082 686 1227 777 'appareat

18 791 35 808 ''
125 795 281 856 Varronem
299 793 337 852 de
355 811 390 853 ea
408 811 440 851 re
458 790 602 850 uerbo'sius
622 810 679 877 non
698 791 867 850 disseruisse.
904 789 1122 867 Acsuificiebat
1139 794 1227 853 intel·

125 888 221 966 ligenti
239 887 410 966 ternplorttm·
422 894 450 945 et
468 888 609 961 signorum
625 885 747 962 pitatium
766 885 1001 960 commemoratio,
1021 887 1066 943 cui
1083 887 1156 946 inest
1175 907 1226 947 sa-

125 974 423 1060 crorum‘publicorum
439 978 626 1057 amplificatio,
643 980 743 1036 artium
756 998 792 1038 ex
802 979 996 1056 superstitione
1010 979 1226 1059 incrementum,

112 1075 326 1155 superstitionis
346 1085 381 1133 ex
400 1075 504 1132 artibus
525 1074 689 1131 uernaculae
708 1073 913 1142 nutrimentum,
932 1071 1039 1132 alienae
1057 1074 1226 1136 inuitameu.

124 1179 195 1230 tum.
235 1171 307 1229 Cum
326 1167 380 1225 boc
398 1167 473 1224 cultu
497 1167 568 1224 ciuili
587 1168 725 1244 serpsisse
737 1165 847 1224 fabulas
865 1174 1020 1243 poetarum
1031 1184 1088 1224 non
1105 1169 1225 1245 ignora-

58 1257 62 1265 ’
125 1264 177 1323 bat
193 1264 294 1332 Varro,
315 1260 371 1319 uid.
391 1259 440 1318 lib.
457 1259 481 1333 1,
498 1257 535 1317 fr.
543 1257 594 1333 ⁸16,
613 1261 677 1319 coll.
696 1262 767 1336 Aug.
783 1277 808 1317 c.
826 1258 857 1316 d.
874 1261 904 1332 6,
919 1261 948 1316 9.
986 1258 1019 1317 ld
1036 1257 1141 1320 factum
1160 1281 1225 1324 esse

125 1358 209 1416 etiam
228 1357 259 1414 in
278 1355 337 1413 deis
356 1351 466 1410 incertis
480 1351 606 1424 uidimus,
625 1353 672 1410 ubi
687 1352 769 1411 modo
783 1352 975 1422 coalescentia,
992 1352 1075 1412 modo
1094 1372 1226 1433 pugnan-

125 1449 165 1508 tia
183 1466 218 1506 ea
236 1448 392 1520 elementa,
418 1442 554 1503 interdum
573 1446 667 1522 iniqua
685 1447 812 1524 portione
830 1446 934 1503 uictum
953 1454 1039 1524 atque
1056 1465 1223 1526 oppressum

18 1600 22 1605 .
125 1540 237 1601 nomine
254 1550 335 1600 tenus
346 1540 472 1612 ⁴alterum
492 1539 528 1596 ab
547 1538 635 1596 altero
648 1539 869 1616 introspeximus.
907 1538 982 1598 Deos
1002 1540 1085 1617 igitur
1101 1545 1222 1606 sotacus

124 1632 238 1692 dixerim
258 1642 348 1699 certos
367 1633 509 1710 utriusque
535 1632 642 1709 generis
665 1622 704 1691 ita
730 1632 796 1690 olim
821 1631 989 1710 descriptos,
1009 1643 1044 1692 ut
1065 1635 1143 1694 uelut
1169 1637 1224 1714 ipa

123 1727 243 1786 Romani
260 1725 296 1785 ad
310 1727 443 1786 Varronis
463 1744 551 1804 usque
570 1743 671 1784 aeuum
689 1725 882 1787 contumeliam
902 1735 932 1784 et
950 1726 1089 1787 maumam
1103 1729 1224 1806 perinde

124 1821 253 1896 tulerint,
272 1822 300 1878 in
320 1830 438 1897 utraque
458 1820 611 1894 ualueriot,
636 1820 672 1877 ab
696 1829 814 1896 utraque
838 1819 1018 1896 profecerint.
1057 1819 1160 1881 Nullus
1179 1832 1225 1882 est·

123 1913 193 1973 deus
212 1915 346 1989 selectus,
367 1915 433 1993 quio
452 1912 576 1971 fabulam
601 1913 712 1991 publica
737 1913 901 1971 auctoritate
925 1913 1027 1973 lrabeat
1049 1913 1222 1992 adiunctam,

11 2024 15 2041 ³
122 2008 178 2068 boc
196 2018 249 2082 est,
269 2024 343 2086 quae
361 2025 379 2065 a
398 2006 474 2064 cultu
487 2007 630 2085 sacrisque
648 2006 766 2084 publicis
784 2007 923 2084 segregari
942 2017 1071 2086 nequeat.
1099 2007 1162 2068 Eae
1176 2009 1223 2068 fa·

123 2102 207 2161 bulso
225 2101 300 2180 quod
320 2110 482 2160 tantumnon
502 2117 597 2158 omnes
617 2101 769 2177 Augustino
789 2108 860 2158 teste
880 2103 939 2171 7,t
955 2099 1110 2180 impudioae
1126 2113 1222 2179 erant,

123 2213 181 2254 uon
199 2199 316 2254 multum
334 2196 449 2254 attinet:
469 2211 582 2270 graecas
601 2211 696 2252 omnes
711 2210 772 2251 esse
784 2211 841 2251 nou
853 2195 940 2270 magis
959 2202 1053 2273 potest
1070 2193 1220 2256 affirmaris

122 2289 320 2367 plerorumque
343 2289 485 2347 numinum
510 2305 562 2364 per
585 2286 708 2345 fabulam
736 2295 870 2344 mutatam
894 2306 955 2347 esse
973 2287 1113 2367 pristinam
1131 2297 1219 2353 uatu-

124 2399 202 2456 ram,
226 2400 281 2439 non
301 2390 343 2439 est
368 2380 576 2459 negligendum.
610 2380 841 2439 Recensebuntur
862 2380 980 2458 singuli,
1004 2382 1028 2440 si
1045 2397 1135 2460 pauca
1154 2400 1220 2440 mo-

123 2491 213 2534 nuero
232 2472 268 2532 de
292 2492 337 2544 re,
362 2491 447 2550 quam
472 2493 489 2530 a
512 2473 731 2551 fragmentorum
749 2473 901 2551 digestione
919 2492 1043 2532 seorsum
1061 2473 1220 2535 habendam

124 2566 285 2624 existimaui.
313 2567 560 2644 interpretationes
576 2565 691 2625 deorum
710 2567 851 2625 naturales
866 2565 996 2625 credibile
1014 2576 1058 2626 est
1075 2578 1140 2647 post
1150 2569 1221 2649 Epi·

123 2659 265 2717 cbarmum
291 2660 326 2717 ab
349 2661 442 2718 Ennio
466 2659 599 2736 scriptum
624 2659 663 2716 ita
690 2657 752 2717 fere
779 2658 921 2718 hominum
946 2661 1051 2720 animos
1075 2662 1219 2739 insedisse,

122 2743 355 2829 quemadmodum
380 2753 522 2830 superiore
547 2751 616 2823 libro
641 2768 756 2825 graecas
779 2751 889 2811 fabulas
914 2755 1061 2814 accessisse
1079 2755 1119 2813 ad
1137 2767 1221 2816 uete-

43 2846 48 2867 ‘
122 2864 181 2904 rem
195 2832 384 2904 Romanorum
402 2845 561 2922 religionem
581 2841 778 2903 demonstraui.
812 2846 931 2904 Constat
943 2847 1098 2907 Varronem
1114 2849 1147 2907 in
1165 2849 1221 2910 hoc

121 2940 193 2999 libro
212 2939 249 2997 de
267 2939 406 3015 theologia
424 2939 475 2997 ista
493 2937 608 3017 physica
627 2935 719 2995 denuo
738 2937 911 3011 disseruisse:
929 2942 1073 3019 quaeritur
1085 2942 1220 3020 primum,

123 3051 179 3110 qua
206 3041 287 3111 parte
312 3033 373 3091 libri
403 3032 432 3090 id
457 3031 564 3091 fecerit.
611 3029 656 3088 De
684 3032 745 3109 ipso
769 3033 883 3091 exordio
908 3042 1025 3092 testatur
1049 3035 1221 3113 Augustinus

122 3125 278 3203 fragmento
293 3132 310 3183 l
331 3133 360 3185 ct
376 3125 466 3198 libr,
485 3144 510 3183 o.
524 3127 558 3183 br
576 3128 620 3182 Do
637 3125 764 3184 nourrii
782 3130 853 3185 anim
871 3130 1040 3203 pouobdmo
1058 3129 1221 3207 praeloqui-

122 3225 169 3278 rur
188 3221 219 3277 io
236 3219 287 3280 boc
305 3219 375 3280 libro
391 3251 445 3278 -.
471 3218 538 3277 Non
557 3217 640 3276 ualde
659 3219 780 3294 obnitor,
800 3221 903 3298 siquis
921 3219 986 3280 inde
1004 3229 1146 3299 sumptum
1164 3243 1221 3302 pu·

120 3312 192 3371 tabit
210 3314 353 3390 Augustini
371 3313 448 3370 lib.7
467 3329 529 3390 cap.
541 3313 577 3397 li,
601 3311 678 3389 quod
702 3331 788 3390 supra
811 3332 840 3390 p.
859 3302 955 3379 crrrr'
968 3314 1039 3372 inter
1062 3315 1221 3393 fragmenta

120 3404 184 3462 libri
203 3404 283 3482 primi
300 3404 355 3462 feci
374 3405 530 3482 septimum.
568 3404 626 3464 Sed
651 3403 711 3461 fieri
737 3415 830 3462 tamen
848 3407 935 3482 possit
953 3408 1053 3481 etiam,
1078 3418 1110 3466 ut
1128 3409 1219 3469 Varro

121 3497 157 3555 ab
176 3495 208 3554 iis
227 3497 326 3554 librum
347 3515 459 3555 exorsus
478 3496 573 3571 fuerit,
593 3514 666 3574 quae
685 3497 760 3574 apud
780 3501 962 3576 augustinum
981 3503 1012 3575 7,
1030 3505 1068 3558 23
1088 3500 1219 3578 leguntur

119 3589 274 3668 posthaec
294 3590 391 3648 uerba:
418 3594 458 3649 Et
482 3597 553 3648 certo
576 3589 647 3648 idrus
667 3592 760 3649 Varro
785 3593 816 3650 io
841 3591 934 3651 codem
957 3592 1026 3653 libro
1040 3593 1078 3652 'de
1097 3594 1153 3654 diis
1172 3615 1220 3654 se-

119 3681 197 3741 lsctis
213 3717 268 3741 -.
299 3684 392 3758 Haec,
420 3700 492 3760 qnae
517 3683 589 3741 inira
614 3694 771 3760 ponentur,
797 3688 897 3762 quibus
919 3688 949 3743 io
974 3686 1053 3745 illum
1077 3689 1221 3748 naturalis

118 3773 269 3851 lbmlopioo
292 3775 368 3835 tulot
390 3775 544 3836 libertatem
567 3782 650 3852 sopor
675 3779 776 3852 cripere
797 3779 942 3855 pardulum
965 3780 1101 3852 uoluisse,
1126 3783 1220 3843 odioso

118 3866 299 3928 toman'luroc
313 3868 412 3930 librum
430 3887 558 3943 wama,
578 3869 669 3926 Varro
690 3869 800 3945 dicitur,
820 3872 990 3931 conueniunt
1009 3875 1091 3933 etiam
1110 3876 1136 3934 ei
1153 3877 1220 3934 libri

47 3978 49 3985 ·
115 3961 202 4039 parti,
225 3962 271 4019 ubi
291 3972 354 4040 post
374 3973 517 4022 enarratos
535 3961 602 4020 deos
621 3962 658 4020 ad
677 3962 744 4022 deas
763 3972 878 4022 uentum
898 3973 958 4039 est,
980 3965 1044 4025 uide
1063 3969 1099 4026 sis
1117 3967 1155 4027 ir.
1170 3973 1217 4028 16.

115 4051 243 4133 Denique
262 4058 291 4131 7,
311 4059 349 4114 29
373 4056 489 4116 deorum
508 4052 600 4112 officia
618 4055 717 4115 eadem
739 4043 868 4115 insnum
888 4056 972 4116 deum
991 4060 1120 4138 confert,
1144 4081 1219 4140 quoe

114 4144 169 4208 diis
186 4147 292 4210 ababa
309 4152 414 4224 racio,
433 4149 541 4230 inquit,
558 4165 608 4228 por
626 4167 699 4228 pros
714 4149 845 4230 pbpaiooa
862 4153 1102 4232 mtcrprctotiooos
1123 4159 1218 4218 Varro
