2550 4574
450 246 582 295 TVSCVH
604 249 749 297 SECVTVS
966 302 969 315 ,
1069 256 1149 307 thx

55 395 96 454 die
120 395 223 455 drona
246 414 331 457 mane
356 397 422 456 oriri
453 396 569 475 dicitur,
597 399 673 478 quod
697 400 808 461 Eudoxi
832 412 875 461 eat
899 404 975 483 apud
1001 407 1148 467 Geminum

57 508 83 567 p.
95 490 132 547 64
147 490 182 548 C.
219 490 359 553 loteiiexit
377 492 460 569 igitur
479 490 608 565 Ouidius,
629 500 661 552 ut
678 511 775 571 supra,
791 493 876 555 finem
894 499 982 557 noetio
998 501 1148 578 sequeutia,

59 582 133 662 idque
144 602 181 643 eo
192 584 291 663 mugit,
310 602 374 643 oum
391 594 483 643 ortum
501 584 632 665 Delphini
651 585 784 663 adiungat
801 574 941 667 pauloque
959 593 1086 669 nuperius
1102 611 1147 653 re·

10 714 12 749 2
61 686 137 754 petat,
155 676 231 756 quod
249 676 353 737 indicat
369 676 438 737 iilud
456 680 587 739 oootintro
604 687 692 739 noan.
724 679 827 746 Oritur.
840 693 946 758 autem,
963 686 1001 744 uti
1020 680 1147 763 diioui,
1238 705 1244 724 ·

10 756 12 769 '
63 769 94 827 li
106 769 158 846 ld,
185 771 322 850 repetitor
343 782 437 831 autem
461 772 547 830 etiam
571 772 649 853 opud
666 773 815 850 etodium,
842 784 872 834 et
899 774 964 835 iude
991 777 1147 839 admonitor

64 872 131 939 pona
148 881 214 935 eum
232 865 336 943 potunt.

122 955 166 1015 lie
184 957 297 1023 Canem
317 970 434 1039 ‘quoque
458 967 535 1019 reete
560 966 640 1018 notat
663 964 698 1035 1,
713 964 768 1018 311
794 979 859 1019 euru
883 962 921 1021 ΙΙΙ
940 963 1016 1023 Nou.
1035 964 1147 1025 dimidia

10 1108 19 1155 ἦ
64 1056 154 1107 tutum
171 1059 253 1126 parto
271 1051 419 1109 extiturum
438 1071 508 1111 erre.
546 1052 665 1113 Brachia
689 1056 762 1114 euim
787 1055 876 1133 pridie
899 1058 958 1118 eiua
983 1058 1036 1118 diei
1055 1069 1146 1118 mato·

10 1182 19 1237 ἱ
65 1139 107 1201 tino
123 1140 283 1202 oeoiderout
301 1152 372 1205 terte
390 1146 500 1222 Clodio,
520 1156 552 1205 ut
569 1148 697 1226 proxima
716 1150 803 1207 uorte'
816 1147 919 1209 iimtra
937 1162 1145 1228 quaererentur.

65 1232 221 1295 nouimus
243 1236 337 1295 lorum
360 1238 444 1297 etiam
471 1257 488 1299 e
511 1239 596 1300 codd.
642 1241 680 1298 ΙΙΙ
699 1240 799 1303 Nonas.
816 1244 925 1320 uesperi
943 1244 990 1302 iila
1008 1244 1145 1320 occidero,

64 1327 121 1405 qood
136 1338 221 1407 putot
237 1329 373 1407 idolerur,
391 1328 420 1390 id
439 1332 553 1391 minime
573 1331 641 1391 dixit
660 1331 790 1395 Ouidius.
827 1333 949 1397 Biduum
967 1337 1082 1398 intereat
1099 1340 1145 1397 iu-

65 1427 95 1479 ter
108 1418 238 1481 Ouidium
250 1423 442 1503 ‚Clodiumqoo
461 1433 491 1482 et
509 1434 731 1487 artmnomorrun
750 1426 881 1507 oalouios.
930 1474 935 1507 ι
1119 1492 1122 1499 ,

120 1513 185 1575 Nou
205 1515 286 1575 uiuo
303 1514 397 1577 diflert
413 1535 432 1575 o
446 1536 514 1577 uero
529 1519 651 1599 Craterio
666 1528 744 1577 ortuo
761 1523 943 1598 uespertious,
963 1542 1045 1607 quem
1061 1529 1145 1601 poeta

67 1605 192 1666 uiiodio
210 1607 374 1691 dorumpu't,
392 1609 512 1690 pauit.
529 1609 669 1677 Idriiebr.
702 1610 787 1681 Quod
807 1612 930 1675 adiunxit
948 1615 985 1676 de
1000 1617 1097 1692 Angue
1114 1621 1144 1674 et

10 1738 19 1795 h
67 1699 142 1761 Coruo
155 1719 226 1761 rouo
243 1701 281 1762 do
299 1723 351 1763 ruo
370 1713 400 1764 et
416 1703 489 1767 fuleo
508 1686 616 1789 addidit
634 1703 753 1764 docente
771 1705 889 1767 idelero.
929 1764 934 1775 ,

10 1832 15 1881 ἐ
121 1795 270 1876 Aquarium
288 1796 355 1855 item
371 1805 448 1856 reete
467 1806 584 1880 uterque
603 1798 669 1857 oriri
687 1796 779 1861 modia
797 1808 878 1858 tenuo
892 1788 975 1880 parte
988 1799 1054 1859 dicit
1067 1799 1143 1860 Nou.

10 1920 13 1960 ;
60 1887 133 1950 iata
166 1889 331 1968 Sequuntur
349 1889 413 1966 tori,
431 1891 479 1949 ubi
498 1889 616 1950 Ouidius
634 1909 702 1955 oum
716 1890 815 1954 Clodio
833 1884 995 1972 compirat,
1010 1892 1063 1953 red
1079 1911 1144 1952 otuu

57 1980 96 2043 do
112 2001 130 2044 a
147 1984 265 2043 ueritate
285 1983 470 2044 mtruuomioe
488 1983 730 2063 receditloogiur.

120 2075 205 2151 Quod
223 2076 324 2151 ³‚407
341 2084 407 2154 poet
424 2078 651 2149 Arotmum,'de
669 2098 728 2156 quo
744 2089 844 2159 posteo
863 2078 958 2156 leger,
984 2076 1021 2135 do
1038 2074 1142 2136 Vinde-

53 2171 140 2231 mitore
157 2169 275 2230 diuiturr
301 2168 344 2228 Ar
360 2187 417 2230 non
435 2169 547 2250 offrmiot
568 2170 755 2245 Uindemitor,
781 2191 865 2252 quem
888 2169 1075 2248 antedictum
1094 2168 1143 2243 rit,
1179 2180 1183 2187 ·

53 2264 128 2322 immo
144 2263 230 2322 latine
243 2261 347 2320 dietum
359 2280 420 2321 erra
436 2282 492 2323 uon
504 2265 651 2340 intelliges,
670 2266 722 2323 uini
733 2265 883 2325 secuudum
897 2262 1028 2323 Clodium
1039 2259 1143 2320 diorum

52 2357 236 2436 pmpexerir,
259 2356 307 2435 qui
327 2356 410 2414 tertio
431 2355 476 2414 die
495 2366 561 2417 aute
580 2356 797 2418 Vindemitorom
815 2358 918 2419 exoriri
933 2354 1038 2426 tradit,
1050 2364 1141 2411 matu·

52 2451 107 2511 tiuo
121 2451 244 2528 quidem,
263 2448 340 2527 quod
359 2460 462 2527 negant
479 2450 640 2509 astronomi.

120 2544 162 2602 Do
172 2543 267 2621 Lyrae
284 2552 384 2602 exortu
402 2543 538 2601 matutino
555 2542 631 2601 Nou.
651 2541 715 2602 lan..
730 2540 798 2605 taisi
811 2555 876 2606 runt
896 2553 1007 2605 ueteree
1023 2540 1142 2599 docente

52 2635 159 2711 idelero,
178 2653 275 2695 omueo
294 2646 386 2694 tamen
406 2655 469 2693 oum
490 2634 594 2695 Ouidio
614 2645 643 2694 et
661 2634 761 2695 Clodio
779 2639 818 2697 ita
837 2638 951 2696 habeut.

118 2732 221 2808 Lyram
240 2728 279 2786 ΙΙΙ
292 2728 368 2789 Nou.
382 2729 450 2788 Mai.
468 2731 570 2789 exoriri
586 2738 698 2808 praeter
710 2727 842 2789 Ouidium
862 2741 891 2789 et
910 2727 1038 2788 Clodium
1057 2742 1142 2784 nemo

50 2823 137 2898 tradit,
154 2821 232 2901 quod
250 2822 404 2880 sententiae
423 2833 534 2883 nostrae
553 2824 664 2900 egregie
681 2821 778 2881 saueti
803 2840 970 2903 quamquam
984 2818 1067 2897 ‚apud
1083 2818 1140 2876 Co·

49 2918 181 2977 umnam
202 2921 280 2991 11,2
299 2913 422 2974 fortassis
440 2917 481 2973 ito
497 2935 551 2995 pro
570 2915 608 2974 ΙΙΙ
621 2914 666 2974 ld.
681 2915 884 2975 emendandum
903 2925 954 2975 eet.
981 2912 1046 2971 Sed
1065 2909 1142 2989 quod

50 3008 165 3068 ideierur
183 3019 266 3088 putat
284 3018 375 3070 ortum
395 3010 583 3086 uespertinum
597 3017 695 3068 notare
712 3009 830 3068 uoluirro
840 3008 984 3080 Ouidium,
1003 3005 1061 3062 eino
1080 3003 1140 3081 opi-

52 3102 132 3161 uiou'x
148 3122 240 3181 neque
259 3121 370 3161 oausam
389 3101 487 3178 uideo,
504 3111 534 3160 et
544 3101 658 3163 clodus
674 3101 780 3161 disertio
798 3101 889 3159 uerbis
902 3099 1003 3158 habet:
1022 3085 1042 3173 ἦ
1061 3085 1141 3173 λύρα

54 3185 140 3254 ’ἔωθεν
160 3187 285 3270 ἀνίσχει.

117 3289 184 3347 Kal.
197 3290 287 3369 April.
306 3287 424 3348 Ouidius
442 3291 476 3363 t,
490 3290 545 3346 163
565 3296 594 3346 et
613 3288 727 3347 Clodius
743 3288 891 3367 Scorpium
910 3282 1035 3343 oooidere
1052 3300 1141 3340 auno·

56 3389 113 3442 out
148 3383 194 3442 Do
213 3401 312 3441 occasu
332 3382 467 3441 matutino
486 3400 542 3440 non
561 3382 667 3461 optime
687 3370 834 3458 conuenit,
860 3399 943 3460 quom
962 3377 1036 3436 noluo
1055 3375 1142 3433 Colu-

56 3476 124 3534 uota
142 3475 243 3536 tradit:
262 3476 314 3534 aed
333 3475 416 3533 oredo
436 3475 472 3533 de
491 3474 663 3552 uespertino,
684 3474 720 3534 de
739 3495 796 3555 quo
810 3493 863 3554 per
877 3471 1007 3532 Clodium
1026 3469 1142 3549 cogitari

10 3606 13 3645 ι
57 3565 147 3646 iteret,
164 3571 248 3648 peina
263 3570 359 3644 etiam,
378 3568 445 3646 quia
464 3568 587 3627 ldelerur
608 3576 692 3627 toret.

10 3648 13 3693 ¹
118 3664 149 3722 Si
174 3665 267 3721 lorum
293 3662 331 3721 de
355 3661 448 3720 Boote
472 3662 505 3732 5,
520 3664 580 3719 733
604 3662 643 3719 ita
672 3660 882 3739 interpretaris„
911 3652 1143 3734 quemadmodum

58 3770 127 3830 rupta
144 3755 210 3830 dixi,
229 3765 262 3813 ut
279 3757 391 3813 ooniotto
404 3755 519 3815 Anao
536 3753 672 3831 signifioet
687 3771 815 3811 oceasum
831 3751 1006 3825 matutinum,
1024 3766 1080 3805 nou
1100 3754 1144 3806 ta-

61 3863 111 3904 meu
122 3849 171 3907 vii
180 3849 244 3923 ΚΡ,
262 3849 312 3907 sed
329 3849 389 3908 eius
408 3847 473 3922 diei,
492 3863 575 3923 quem
588 3846 702 3905 Clodius
721 3845 816 3918 habet,
834 3843 886 3900 XII
896 3844 956 3917 ΚΡ,
973 3860 1028 3899 uon
1047 3839 1145 3896 melius

62 3934 160 3999 Ouidiur
178 3960 263 4019 quam
283 3940 440 4000 Cdumollo
464 3940 648 3997 astronomiae
667 3936 812 3997 ooouenitr
839 3954 896 3995 uon
922 3934 978 3993 duo
1002 3933 1080 4008 dies,
1103 3931 1144 3989 uti

63 4031 123 4105 apud
140 4031 288 4111 idolerum,
306 4034 357 4094 red
375 4043 487 4113 reptem
503 4031 683 4092 intercedent.

124 4125 191 4189 Item
217 4149 275 4190 uoo
300 4128 346 4191 die
364 4129 444 4208 peior
462 4126 603 4206 conspirat
621 4123 741 4190 Ouidius
765 4141 829 4185 oum
846 4119 1013 4182 autrouomia
1030 4119 1059 4177 iu
1077 4111 1147 4174 Del·
