2550 4574
397 177 490 295 7ιω.
510 242 672 294 unxuvu
1008 168 1092 297 Ἰ257

104 395 207 483 potuit
227 395 314 462 Maio
335 397 441 480 pellex
461 397 536 464 dare
557 397 680 465 nonina
700 396 813 482 menei,
1048 404 1090 468 35

95 503 136 566 lie
157 501 255 564 honor
276 500 309 563 in
329 497 421 565 nobis
441 499 615 566 inuidioaua
638 495 720 568 erit?
919 489 921 493 ’

96 627 98 638 r
117 603 214 687 igitur
234 601 345 686 regina
364 621 461 670 uooor
479 604 691 686 princepsque
710 597 861 669 dearum?

96 724 180 769 turea
201 723 257 768 our
277 704 409 768 dextrae
429 713 557 787 sceptra
575 703 693 769 dedere
713 700 831 772 meae?

104 808 222 872 facient
241 824 382 879 mensem
403 808 509 891 luceo,
529 807 712 892 huoinequo
734 808 774 873 ab
794 806 857 876 illie

96 912 177 993 tiear,
199 918 232 973 et
252 928 272 974 a
291 911 376 975 nullo
397 910 521 976 nomina
541 929 653 975 mense
672 907 819 980 trahant
1046 915 1088 978 4ο
1176 994 1182 1009 .
1218 928 1220 937 ’

97 1033 111 1076 n
132 1031 184 1076 me
204 1012 366 1095 poeniteat
386 1013 533 1097 posuisse
552 1011 687 1079 fideliter
706 1014 772 1080 irae

97 1134 107 1178 ι
127 1132 232 1199 genno
251 1116 400 1181 Electrae
420 1107 670 1200 Dardaniamque
691 1115 829 1185 domum..

97 1236 142 1281 rso
162 1217 279 1301 duplex
298 1217 372 1284 irae.
399 1228 488 1301 rapto
509 1217 696 1303 Ganymede
716 1220 868 1306 dolebam,

97 1320 183 1383 *orma
205 1339 329 1403 quoquo
344 1320 439 1385 ldaeo
460 1319 565 1385 iudice
584 1321 671 1386 uiota
688 1339 760 1386 mea
780 1325 841 1387 est
940 1362 944 1371 -
1166 1381 1168 1384 ,

98 1423 205 1505 niteat,
226 1421 310 1506 quod
330 1442 393 1487 non
413 1425 538 1488 foueam
559 1422 762 1509 Carthaginis
781 1411 891 1517 ardes.
1046 1429 1109 1494 ts‘

98 1525 154 1589 lum
173 1543 246 1589 mea
266 1522 332 1589 sint
351 1523 534 1603 illoleurrue
554 1534 589 1590 et
610 1545 697 1593 arma
716 1527 798 1592 looo.

99 1625 197 1692 niteat
218 1628 355 1711 Sparten
376 1628 545 1712 Argosque
566 1647 719 1712 measque
739 1631 921 1716 Myoeuua'
1017 1674 1019 1678 ι

101 1737 116 1793 t
136 1739 277 1795 ueterem
296 1730 389 1795 natio
409 1732 616 1814 supposuisse
637 1731 764 1797 Samon.

100 1924 155 1994 pot.
176 1874 270 1993 pellex
288 1917 363 2008 meio
382 1912 422 1976 N.
452 1917 543 2008 poturit
558 1936 604 2011 mu
642 1921 719 1978 ol'.
747 1916 830 1996 pelex
847 1917 995 1997 Dlltife.
1021 1919 1089 1999 pell.

100 1991 1017 2149 ..ttulitl⁰ldsst¹⁸1llnttltgullttt
1038 2073 1091 2130 n.

101 2184 104 2201 .
183 2148 229 2203 ³7.
251 2146 366 2204 deorum
390 2142 445 2205 Ψο
458 2142 596 2206 odddld.
609 2147 765 2206 enodet.
842 2152 891 2206 38.
905 2147 987 2211 dext.
1007 2157 1090 2226 oepta

101 2222 139 2278 to.
159 2222 201 2278 An
220 2220 320 2280 faciam
338 2224 431 2301 pueris
449 2223 540 2281 lucem
559 2224 613 2280 lue.
633 2225 669 2282 0.
698 2223 803 2281 faciant
824 2222 937 2282 l'bs20
949 2230 1018 2283 outo.
1045 2222 1090 2282 fa·

101 2292 137 2372 lp
151 2316 263 2374 rumpo.
276 2316 327 2357 ooo
340 2306 447 2357 otuotl.
463 2298 507 2356 od.
540 2297 595 2356 fae.
619 2299 695 2358 luces
718 2317 827 2358 menaea
845 2297 894 2358 A.
932 2300 988 2359 lae.
1012 2301 1089 2359 lueer

102 2368 173 2432 rfl.
210 2378 266 2432 l'ac.
289 2393 397 2433 menses
423 2376 499 2434 luceo
528 2374 649 2448 Gme.
687 2377 723 2433 ab
749 2376 816 2453 ipsiu
841 2383 907 2434 troo.
943 2375 1090 2436 (ilerum
1196 2416 1198 2421 »

102 2450 164 2526 unge
184 2453 300 2528 petitum
321 2470 430 2508 nomeu.
457 2453 522 2510 iuno
542 2451 642 2508 dicitur
659 2453 751 2510 lucina
765 2454 891 2529 quamuis
910 2471 967 2510 uon
1006 2454 1090 2512 raeoit

114 2526 164 2584 aed
183 2530 275 2604 partui
295 2537 323 2587 et
342 2528 480 2587 mensibus
500 2528 654 2587 constitutis
673 2547 690 2586 a
709 2529 825 2587 lucibus.
852 2539 881 2587 et
900 2547 962 2587 eum
981 2472 1035 2588 ζου
1053 2530 1091 2588 eit

102 2603 179 2679 nogia
199 2623 233 2661 ex
253 2605 376 2662 uiciniori
392 2622 424 2662 re
442 2603 532 2662 debeo
552 2603 665 2662 trahere
684 2623 784 2664 nomen
805 2623 840 2663 .1.
860 2618 878 2664 a
896 2623 1001 2664 menae.
1033 2606 1090 2668 Vel

103 2688 181 2738 teron
201 2691 332 2757 proteron
352 2691 384 2738 ut
401 2681 503 2739 mensio
522 2683 558 2738 ob
578 2699 612 2739 ea
629 2691 721 2741 sumat
741 2700 852 2740 nomeu.
929 2683 979 2740 40.
1003 2682 1089 2739 Dieor

103 2756 200 2814 aueillo
220 2775 294 2814 nom.
313 2774 396 2816 omo.
405 2775 449 2834 pr.
479 2756 572 2817 Gluoo.
591 2759 721 2836 ypalluge
739 2761 797 2816 Ee.
824 2760 883 2817 ie.
899 2759 991 2816 nullue
1008 2775 1089 2816 rnen·

103 2851 123 2890 :e
141 2832 234 2890 trehet
255 2837 416 2892 domenii.
445 2844 474 2892 et
492 2835 680 2902 nullimeueis
698 2852 831 2912 assequar
848 2834 994 2892 honorem.
1023 2846 1088 2891 nem
1118 2844 1121 2849 ’

106 2926 160 2986 pro
179 2909 286 2967 honore
325 2911 427 2968 onitur.
446 2913 616 2970 Maurusio
634 2910 676 2969 od.
696 2909 813 2968 Modiol.
890 2915 938 2968 41.
959 2911 1043 2982 Tune
1061 2905 1093 2967 F.

104 2929 323 3062 ..potuisseti'
389 2990 437 3045 43‘.
464 2989 522 3046 irae
548 2995 590 3044 est
614 2995 695 3063 rapto
715 2988 825 3044 ΜΝ.
863 2995 974 3062 raptum
1001 3003 1090 3062 gany-

104 3107 106 3119 .
135 3063 235 3138 gauim.
249 3065 311 3121 md.
388 3065 438 3120 44.
456 3081 569 3141 quoqne
586 3065 616 3122 io
629 3080 690 3122 roe.
702 3081 740 3120 m.
766 3062 926 3139 Formaque
940 3062 979 3123 id.
996 3062 1088 3121 (Μ.

113 3138 216 3195 Formo
231 3141 287 3196 ‘sub
301 3139 350 3196 id.
369 3141 417 3195 44.
453 3140 512 3199 iud.
531 3141 602 3197 iustu
624 3138 764 3215 limeum
802 3148 844 3195 est
867 3137 924 3196 ott.
945 3137 1017 3196 duo.
1048 3164 1051 3169 ’

105 3208 1089 3369 tumultuetur.ttttltllllllss

105 3375 148 3426 ‚ot
164 3369 283 3444 Gpoor.
296 3386 351 3427 ror.
380 3379 485 3443 cartag.
503 3373 574 3426 DE.
606 3370 712 3443 kartug.
730 3371 766 3426 G.
797 3365 966 3444 lartlrag.p'.
997 3367 1087 3444 certio.

105 3444 185 3502 doces
204 3447 234 3502 io
253 3447 357 3520 morp.)
376 3440 411 3502 Σ.
447 3444 540 3503 Glooe.
556 3445 591 3502 Gr
610 3462 628 3501 a
646 3444 754 3520 uirgilio
773 3453 899 3521 sumptus
923 3444 1010 3502 locun.

105 3524 133 3592 ⁸,
147 3522 197 3593 45,
210 3523 248 3577 46
260 3528 370 3598 trooep.
380 3526 456 3579 MP.
534 3523 582 3579 46.
601 3521 676 3578 Dum
696 3537 757 3578 mea
777 3529 842 3577 eunt
860 3519 908 3577 illo
929 3522 998 3578 Bo.
1024 3537 1088 3578 mea
1163 3524 1193 3586 ,“

106 3615 154 3654 no.
163 3615 209 3672 pr.
243 3599 289 3654 illo
310 3616 364 3659 om.
377 3602 472 3656 limo.
484 3615 527 3675 pr.
604 3601 653 3654 47.
672 3596 803 3673 epartiuen
821 3599 860 3654 D.
896 3613 1027 3687 meoeque
1049 3599 1089 3686 θ.

106 3675 227 3732 unde.
257 3692 384 3732 mecenas
405 3674 538 3750 lotape.
616 3677 665 3731 48.
686 3675 756 3731 lacio
772 3674 808 3730 G.
835 3672 1012 3750 subposuere
1027 3676 1085 3732 Dr.

105 3753 144 3806 D.
173 3748 267 3808 duee.
284 3753 367 3823 eamd
391 3752 436 3808 ubi
455 3762 522 3809 nata
540 3749 581 3806 sui
600 3753 635 3808 Ε.
664 3750 794 3807 Veterem
814 3747 881 3807 dicit
899 3748 935 3807 ad
954 3747 1085 3806 differen-

106 3827 141 3882 iuo
166 3843 250 3902 quam
275 3827 357 3885 iasius
376 3828 464 3885 freter
488 3827 605 3884 dardani
628 3844 664 3883 ex
683 3836 763 3902 parte
781 3825 876 3883 matris
894 3824 1032 3883 recedens·
1048 3825 1084 3880 ab

106 3900 202 3960 undidit
219 3903 249 3960 in
267 3905 354 3962 tracia
380 3922 464 3981 quarn
488 3904 598 3962 uocauit
620 3920 725 3960 ramum
745 3902 856 3959 nomine
874 3901 990 3961 ciuitatis
1009 3899 1085 3957 undo

106 3979 203 4113 ‚Ddein
223 3980 334 4049 uocauit
354 3982 542 4040 sumptuariam
560 3987 677 4058 propter
699 3995 821 4038 umorem
846 3994 919 4037 noue
941 3987 1016 4035 terre
1033 3973 1083 4033 rcl'
1133 4020 1135 4025 .

106 4150 153 4199 uli.
418 4222 424 4233 1
806 4148 843 4203 17
