<?xml version="1.0" encoding="UTF-8"?>
<!DOCTYPE html PUBLIC "-//W3C//DTD XHTML 1.0 Transitional//EN"
    "http://www.w3.org/TR/xhtml1/DTD/xhtml1-transitional.dtd">
<html xmlns="http://www.w3.org/1999/xhtml" xml:lang="en" lang="en">
 <head>
  <title>
</title>
<meta http-equiv="Content-Type" content="text/html;charset=utf-8" />
  <meta name='ocr-system' content='tesseract 3.04.00' />
  <meta name='ocr-capabilities' content='ocr_page ocr_carea ocr_par ocr_line ocrx_word'/>
</head>
<body>
  <div class='ocr_page' id='page_1' title='image "./fastorumlibrise01ovidgoog_0012.png"; bbox 0 0 2550 4574; ppageno 0'>
   <div class='ocr_carea' id='block_1_1' title="bbox 157 980 1036 1100">
    <p class='ocr_par' dir='ltr' id='par_1_1' title="bbox 157 980 1036 1100">
     <span class='ocr_line' id='line_1_1' title="bbox 157 980 1036 1100; baseline 0.005 -6"><span class='ocrx_word' id='word_1_1' title='bbox 157 1010 232 1094; x_wconf 85' lang='lat' dir='ltr'><strong>un</strong></span> <span class='ocrx_word' id='word_1_2' title='bbox 258 1006 517 1097; x_wconf 82' lang='lat' dir='ltr'><strong>osscvms</strong></span> <span class='ocrx_word' id='word_1_3' title='bbox 539 980 708 1094; x_wconf 33' lang='lat' dir='ltr'><strong>*o&#39;v1n11</strong></span> <span class='ocrx_word' id='word_1_4' title='bbox 730 1008 1036 1100; x_wconf 76' lang='lat' dir='ltr'><strong>snsrosvn.</strong></span> 
     </span>
    </p>
   </div>
   <div class='ocr_carea' id='block_1_2' title="bbox 551 1262 639 1354">
    <p class='ocr_par' dir='ltr' id='par_1_2' title="bbox 551 1262 639 1354">
     <span class='ocr_line' id='line_1_2' title="bbox 551 1262 639 1354; baseline 0.023 -26"><span class='ocrx_word' id='word_1_5' title='bbox 551 1262 587 1354; x_wconf 64' lang='lat' dir='ltr'><strong>q.</strong></span> <span class='ocrx_word' id='word_1_6' title='bbox 611 1263 639 1330; x_wconf 89' lang='lat'><strong>1.</strong></span> 
     </span>
    </p>
   </div>
   <div class='ocr_carea' id='block_1_3' title="bbox 54 1382 1266 4108">
    <p class='ocr_par' dir='ltr' id='par_1_3' title="bbox 54 1382 1212 1691">
     <span class='ocr_line' id='line_1_3' title="bbox 54 1382 1149 1506; baseline 0.009 -30"><span class='ocrx_word' id='word_1_7' title='bbox 54 1382 143 1488; x_wconf 69' lang='lat' dir='ltr'><strong>Quae</strong></span> <span class='ocrx_word' id='word_1_8' title='bbox 162 1419 199 1478; x_wconf 84' lang='lat' dir='ltr'><strong>ad</strong></span> <span class='ocrx_word' id='word_1_9' title='bbox 219 1421 272 1480; x_wconf 84' lang='lat' dir='ltr'><strong>hoc</strong></span> <span class='ocrx_word' id='word_1_10' title='bbox 298 1441 409 1482; x_wconf 87' lang='lat' dir='ltr'><strong>carmen</strong></span> <span class='ocrx_word' id='word_1_11' title='bbox 436 1443 471 1484; x_wconf 83' lang='lat' dir='ltr'><strong>cs</strong></span> <span class='ocrx_word' id='word_1_12' title='bbox 495 1426 668 1504; x_wconf 83' lang='lat' dir='ltr'><strong>potissimum</strong></span> <span class='ocrx_word' id='word_1_13' title='bbox 695 1424 805 1499; x_wconf 82' lang='lat' dir='ltr'><strong>forme,</strong></span> <span class='ocrx_word' id='word_1_14' title='bbox 833 1442 890 1502; x_wconf 81' lang='lat' dir='ltr'><strong>que</strong></span> <span class='ocrx_word' id='word_1_15' title='bbox 914 1424 1006 1485; x_wconf 81' lang='lat' dir='ltr'>editur</span> <span class='ocrx_word' id='word_1_16' title='bbox 1023 1445 1041 1485; x_wconf 81' lang='lat' dir='ltr'>a</span> <span class='ocrx_word' id='word_1_17' title='bbox 1058 1427 1149 1506; x_wconf 84' lang='lat' dir='ltr'><strong>nobis,</strong></span> 
     </span>
     <span class='ocr_line' id='line_1_4' title="bbox 55 1513 1212 1599; baseline 0.012 -31"><span class='ocrx_word' id='word_1_18' title='bbox 55 1513 254 1591; x_wconf 87' lang='lat' dir='ltr'><strong>intelligendum</strong></span> <span class='ocrx_word' id='word_1_19' title='bbox 273 1519 426 1574; x_wconf 80' lang='lat' dir='ltr'><strong>necessarie</strong></span> <span class='ocrx_word' id='word_1_20' title='bbox 445 1526 525 1593; x_wconf 88' lang='lat' dir='ltr'><strong>sunt,</strong></span> <span class='ocrx_word' id='word_1_21' title='bbox 553 1518 596 1576; x_wconf 89' lang='lat' dir='ltr'><strong>his</strong></span> <span class='ocrx_word' id='word_1_22' title='bbox 615 1517 733 1597; x_wconf 86' lang='lat' dir='ltr'><strong>plagulis</strong></span> <span class='ocrx_word' id='word_1_23' title='bbox 752 1517 1039 1596; x_wconf 81' lang='lat' dir='ltr'><strong>comprehendentur,</strong></span> <span class='ocrx_word' id='word_1_24' title='bbox 1059 1540 1151 1599; x_wconf 85' lang='lat' dir='ltr'><strong>quan·</strong></span> <span class='ocrx_word' id='word_1_25' title='bbox 1210 1548 1212 1552; x_wconf 52' lang='lat'><strong>⁴</strong></span> 
     </span>
     <span class='ocr_line' id='line_1_5' title="bbox 57 1607 1151 1691; baseline 0.011 -31"><span class='ocrx_word' id='word_1_26' title='bbox 57 1615 108 1662; x_wconf 90' lang='lat' dir='ltr'><strong>tum</strong></span> <span class='ocrx_word' id='word_1_27' title='bbox 124 1607 235 1684; x_wconf 89' lang='lat' dir='ltr'><strong>quidem</strong></span> <span class='ocrx_word' id='word_1_28' title='bbox 253 1619 396 1686; x_wconf 86' lang='lat' dir='ltr'><strong>praestare</strong></span> <span class='ocrx_word' id='word_1_29' title='bbox 416 1629 528 1687; x_wconf 88' lang='lat' dir='ltr'><strong>possum</strong></span> <span class='ocrx_word' id='word_1_30' title='bbox 547 1621 576 1668; x_wconf 91' lang='lat' dir='ltr'><strong>et</strong></span> <span class='ocrx_word' id='word_1_31' title='bbox 595 1612 737 1688; x_wconf 84' lang='lat' dir='ltr'><strong>expectari</strong></span> <span class='ocrx_word' id='word_1_32' title='bbox 755 1629 808 1688; x_wconf 89' lang='lat' dir='ltr'><strong>par</strong></span> <span class='ocrx_word' id='word_1_33' title='bbox 826 1620 889 1686; x_wconf 89' lang='lat' dir='ltr'><strong>est,</strong></span> <span class='ocrx_word' id='word_1_34' title='bbox 909 1613 1011 1671; x_wconf 81' lang='lat' dir='ltr'><strong>omnis.</strong></span> <span class='ocrx_word' id='word_1_35' title='bbox 1049 1613 1151 1691; x_wconf 83' lang='lat' dir='ltr'><strong>Neque</strong></span> 
     </span>
    </p>

    <p class='ocr_par' dir='ltr' id='par_1_4' title="bbox 58 1700 1158 1876">
     <span class='ocr_line' id='line_1_6' title="bbox 58 1700 1151 1781; baseline 0.009 -27"><span class='ocrx_word' id='word_1_36' title='bbox 58 1700 118 1755; x_wconf 86' lang='lat' dir='ltr'><strong>enirn</strong></span> <span class='ocrx_word' id='word_1_37' title='bbox 143 1709 194 1757; x_wconf 89' lang='lat' dir='ltr'><strong>aut</strong></span> <span class='ocrx_word' id='word_1_38' title='bbox 213 1703 249 1757; x_wconf 85' lang='lat' dir='ltr'><strong>ab</strong></span> <span class='ocrx_word' id='word_1_39' title='bbox 276 1703 334 1759; x_wconf 81' lang='lat' dir='ltr'><strong>aliis</strong></span> <span class='ocrx_word' id='word_1_40' title='bbox 361 1703 501 1781; x_wconf 90' lang='lat' dir='ltr'><strong>disputata</strong></span> <span class='ocrx_word' id='word_1_41' title='bbox 529 1705 659 1762; x_wconf 91' lang='lat' dir='ltr'><strong>uolebam</strong></span> <span class='ocrx_word' id='word_1_42' title='bbox 685 1712 831 1781; x_wconf 86' lang='lat' dir='ltr'><strong>repetere,</strong></span> <span class='ocrx_word' id='word_1_43' title='bbox 857 1713 906 1762; x_wconf 88' lang='lat' dir='ltr'><strong>aut</strong></span> <span class='ocrx_word' id='word_1_44' title='bbox 930 1703 997 1761; x_wconf 84' lang='lat' dir='ltr'>nihil</span> <span class='ocrx_word' id='word_1_45' title='bbox 1022 1705 1151 1780; x_wconf 81' lang='lat' dir='ltr'><strong>ignorare</strong></span> 
     </span>
     <span class='ocr_line' id='line_1_7' title="bbox 59 1795 1158 1876; baseline 0.005 -28"><span class='ocrx_word' id='word_1_46' title='bbox 59 1801 181 1866; x_wconf 87' lang='lat' dir='ltr'><strong>poteram.</strong></span> <span class='ocrx_word' id='word_1_47' title='bbox 223 1795 444 1872; x_wconf 81' lang='lat' dir='ltr'><strong>Quaestionum,</strong></span> <span class='ocrx_word' id='word_1_48' title='bbox 471 1817 539 1876; x_wconf 87' lang='lat' dir='ltr'><strong>quas</strong></span> <span class='ocrx_word' id='word_1_49' title='bbox 559 1797 697 1856; x_wconf 84' lang='lat' dir='ltr'><strong>derebus</strong></span> <span class='ocrx_word' id='word_1_50' title='bbox 717 1797 864 1875; x_wconf 88' lang='lat' dir='ltr'><strong>uerbisque</strong></span> <span class='ocrx_word' id='word_1_51' title='bbox 884 1797 1085 1856; x_wconf 75' lang='lat' dir='ltr'><strong>obscurioribus</strong></span> <span class='ocrx_word' id='word_1_52' title='bbox 1103 1798 1158 1867; x_wconf 69' lang='lat' dir='ltr'><strong>in·,</strong></span> 
     </span>
    </p>

    <p class='ocr_par' dir='ltr' id='par_1_5' title="bbox 60 1885 1219 2061">
     <span class='ocr_line' id='line_1_8' title="bbox 60 1885 1219 1970; baseline 0.008 -31"><span class='ocrx_word' id='word_1_53' title='bbox 60 1885 122 1942; x_wconf 90' lang='lat' dir='ltr'><strong>stitui</strong></span> <span class='ocrx_word' id='word_1_54' title='bbox 139 1897 169 1944; x_wconf 92' lang='lat' dir='ltr'><strong>et</strong></span> <span class='ocrx_word' id='word_1_55' title='bbox 190 1888 219 1944; x_wconf 90' lang='lat' dir='ltr'><strong>in</strong></span> <span class='ocrx_word' id='word_1_56' title='bbox 241 1889 315 1947; x_wconf 91' lang='lat' dir='ltr'><strong>locos</strong></span> <span class='ocrx_word' id='word_1_57' title='bbox 336 1891 483 1969; x_wconf 87' lang='lat' dir='ltr'><strong>capitaque</strong></span> <span class='ocrx_word' id='word_1_58' title='bbox 501 1891 650 1970; x_wconf 80' lang='lat' dir='ltr'><strong>descripsi,</strong></span> <span class='ocrx_word' id='word_1_59' title='bbox 670 1910 772 1969; x_wconf 81' lang='lat' dir='ltr'><strong>corpus</strong></span> <span class='ocrx_word' id='word_1_60' title='bbox 792 1892 858 1948; x_wconf 89' lang='lat' dir='ltr'><strong>data</strong></span> <span class='ocrx_word' id='word_1_61' title='bbox 877 1909 963 1969; x_wconf 81' lang='lat' dir='ltr'><strong>opere</strong></span> <span class='ocrx_word' id='word_1_62' title='bbox 982 1909 1038 1948; x_wconf 92' lang='lat' dir='ltr'><strong>nou</strong></span> <span class='ocrx_word' id='word_1_63' title='bbox 1058 1889 1149 1965; x_wconf 87' lang='lat' dir='ltr'><strong>effeci,</strong></span> <span class='ocrx_word' id='word_1_64' title='bbox 1216 1929 1219 1934; x_wconf 84' lang='lat'>.</span> 
     </span>
     <span class='ocr_line' id='line_1_9' title="bbox 61 1978 1150 2061; baseline 0.007 -29"><span class='ocrx_word' id='word_1_65' title='bbox 61 1978 142 2038; x_wconf 86' lang='lat' dir='ltr'><strong>cinnus</strong></span> <span class='ocrx_word' id='word_1_66' title='bbox 161 1982 275 2058; x_wconf 87' lang='lat' dir='ltr'><strong>quidam</strong></span> <span class='ocrx_word' id='word_1_67' title='bbox 294 1982 375 2040; x_wconf 83' lang='lat' dir='ltr'><strong>ultro</strong></span> <span class='ocrx_word' id='word_1_68' title='bbox 401 1986 508 2060; x_wconf 82' lang='lat' dir='ltr'><strong>extitit,</strong></span> <span class='ocrx_word' id='word_1_69' title='bbox 532 2003 596 2043; x_wconf 84' lang='lat' dir='ltr'><strong>roro</strong></span> <span class='ocrx_word' id='word_1_70' title='bbox 614 1984 770 2044; x_wconf 84' lang='lat' dir='ltr'><strong>sufficiente</strong></span> <span class='ocrx_word' id='word_1_71' title='bbox 789 1985 906 2042; x_wconf 89' lang='lat' dir='ltr'><strong>aliorum</strong></span> <span class='ocrx_word' id='word_1_72' title='bbox 924 2001 1010 2061; x_wconf 88' lang='lat' dir='ltr'><strong>opera</strong></span> <span class='ocrx_word' id='word_1_73' title='bbox 1030 1992 1059 2041; x_wconf 92' lang='lat' dir='ltr'><strong>et</strong></span> <span class='ocrx_word' id='word_1_74' title='bbox 1079 1983 1150 2040; x_wconf 90' lang='lat' dir='ltr'><strong>mili·</strong></span> 
     </span>
    </p>

    <p class='ocr_par' dir='ltr' id='par_1_6' title="bbox 61 2075 1151 2249">
     <span class='ocr_line' id='line_1_10' title="bbox 61 2075 1151 2155; baseline 0.003 -26"><span class='ocrx_word' id='word_1_75' title='bbox 61 2077 124 2130; x_wconf 84' lang='lat' dir='ltr'><strong>tante</strong></span> <span class='ocrx_word' id='word_1_76' title='bbox 141 2075 280 2132; x_wconf 89' lang='lat' dir='ltr'><strong>interdurn</strong></span> <span class='ocrx_word' id='word_1_77' title='bbox 299 2077 326 2132; x_wconf 93' lang='lat' dir='ltr'><strong>in</strong></span> <span class='ocrx_word' id='word_1_78' title='bbox 349 2079 430 2136; x_wconf 83' lang='lat' dir='ltr'><strong>armis</strong></span> <span class='ocrx_word' id='word_1_79' title='bbox 455 2079 595 2136; x_wconf 87' lang='lat' dir='ltr'><strong>solidioris·</strong></span> <span class='ocrx_word' id='word_1_80' title='bbox 615 2080 811 2155; x_wconf 84' lang='lat' dir='ltr'><strong>grammaticae</strong></span> <span class='ocrx_word' id='word_1_81' title='bbox 831 2080 1004 2137; x_wconf 85' lang='lat' dir='ltr'><strong>coniectura:</strong></span> <span class='ocrx_word' id='word_1_82' title='bbox 1032 2093 1151 2151; x_wconf 86' lang='lat' dir='ltr'><strong>eumque</strong></span> 
     </span>
     <span class='ocr_line' id='line_1_11' title="bbox 61 2164 1151 2249; baseline 0.005 -29"><span class='ocrx_word' id='word_1_83' title='bbox 61 2164 187 2241; x_wconf 85' lang='lat' dir='ltr'><strong>ordinem,</strong></span> <span class='ocrx_word' id='word_1_84' title='bbox 206 2170 255 2245; x_wconf 93' lang='lat' dir='ltr'><strong>qui</strong></span> <span class='ocrx_word' id='word_1_85' title='bbox 275 2188 366 2247; x_wconf 89' lang='lat' dir='ltr'><strong>neque</strong></span> <span class='ocrx_word' id='word_1_86' title='bbox 385 2173 483 2230; x_wconf 89' lang='lat' dir='ltr'><strong>latebit</strong></span> <span class='ocrx_word' id='word_1_87' title='bbox 499 2171 687 2249; x_wconf 84' lang='lat' dir='ltr'><strong>quemqnam,</strong></span> <span class='ocrx_word' id='word_1_88' title='bbox 708 2190 799 2248; x_wconf 88' lang='lat' dir='ltr'><strong>neque</strong></span> <span class='ocrx_word' id='word_1_89' title='bbox 818 2170 1002 2228; x_wconf 87' lang='lat' dir='ltr'><strong>remorabitur</strong></span> <span class='ocrx_word' id='word_1_90' title='bbox 1019 2186 1036 2225; x_wconf 83' lang='lat' dir='ltr'><strong>a</strong></span> <span class='ocrx_word' id='word_1_91' title='bbox 1051 2168 1151 2245; x_wconf 79' lang='lat' dir='ltr'><strong>-primic</strong></span> 
     </span>
    </p>

    <p class='ocr_par' dir='ltr' id='par_1_7' title="bbox 61 2255 1261 2713">
     <span class='ocr_line' id='line_1_12' title="bbox 61 2255 1151 2342; baseline 0.006 -31"><span class='ocrx_word' id='word_1_92' title='bbox 61 2255 88 2312; x_wconf 84' lang='lat' dir='ltr'><strong>ad</strong></span> <span class='ocrx_word' id='word_1_93' title='bbox 105 2257 194 2317; x_wconf 88' lang='lat' dir='ltr'><strong>ultima</strong></span> <span class='ocrx_word' id='word_1_94' title='bbox 214 2274 391 2339; x_wconf 85' lang='lat' dir='ltr'><strong>pergentem,</strong></span> <span class='ocrx_word' id='word_1_95' title='bbox 411 2267 544 2322; x_wconf 81' lang='lat' dir='ltr'><strong>intactum</strong></span> <span class='ocrx_word' id='word_1_96' title='bbox 565 2265 674 2342; x_wconf 76' lang='lat' dir='ltr'><strong>reliqui</strong></span> <span class='ocrx_word' id='word_1_97' title='bbox 706 2265 748 2322; x_wconf 82' lang='lat' dir='ltr'><strong>Its</strong></span> <span class='ocrx_word' id='word_1_98' title='bbox 768 2264 840 2320; x_wconf 89' lang='lat' dir='ltr'><strong>enim</strong></span> <span class='ocrx_word' id='word_1_99' title='bbox 860 2265 925 2341; x_wconf 82' lang='lat' dir='ltr'><strong>quie</strong></span> <span class='ocrx_word' id='word_1_100' title='bbox 944 2261 1048 2320; x_wconf 83' lang='lat' dir='ltr'><strong>exordii</strong></span> <span class='ocrx_word' id='word_1_101' title='bbox 1067 2277 1151 2318; x_wconf 79' lang='lat' dir='ltr'><strong>causa</strong></span> 
     </span>
     <span class='ocr_line' id='line_1_13' title="bbox 62 2353 1234 2434; baseline 0.005 -28"><span class='ocrx_word' id='word_1_102' title='bbox 62 2355 163 2410; x_wconf 81' lang='lat' dir='ltr'><strong>etratio</strong></span> <span class='ocrx_word' id='word_1_103' title='bbox 185 2357 212 2412; x_wconf 91' lang='lat' dir='ltr'><strong>in</strong></span> <span class='ocrx_word' id='word_1_104' title='bbox 232 2355 291 2414; x_wconf 89' lang='lat' dir='ltr'><strong>fine</strong></span> <span class='ocrx_word' id='word_1_105' title='bbox 310 2368 369 2431; x_wconf 88' lang='lat' dir='ltr'><strong>est,</strong></span> <span class='ocrx_word' id='word_1_106' title='bbox 391 2377 445 2417; x_wconf 90' lang='lat' dir='ltr'><strong>non</strong></span> <span class='ocrx_word' id='word_1_107' title='bbox 466 2359 557 2415; x_wconf 87' lang='lat' dir='ltr'><strong>habeo</strong></span> <span class='ocrx_word' id='word_1_108' title='bbox 577 2376 648 2434; x_wconf 92' lang='lat' dir='ltr'><strong>opus</strong></span> <span class='ocrx_word' id='word_1_109' title='bbox 669 2357 772 2414; x_wconf 86' lang='lat' dir='ltr'><strong>aditum</strong></span> <span class='ocrx_word' id='word_1_110' title='bbox 790 2357 826 2413; x_wconf 87' lang='lat' dir='ltr'><strong>ad</strong></span> <span class='ocrx_word' id='word_1_111' title='bbox 846 2356 914 2413; x_wconf 90' lang='lat' dir='ltr'><strong>illud</strong></span> <span class='ocrx_word' id='word_1_112' title='bbox 934 2357 1049 2425; x_wconf 83' lang='lat' dir='ltr'><strong>munire.</strong></span> <span class='ocrx_word' id='word_1_113' title='bbox 1089 2353 1151 2412; x_wconf 87' lang='lat' dir='ltr'><strong>No·</strong></span> <span class='ocrx_word' id='word_1_114' title='bbox 1231 2370 1234 2378; x_wconf 54' lang='lat'><em>¹</em></span> 
     </span>
     <span class='ocr_line' id='line_1_14' title="bbox 62 2449 1261 2527; baseline 0.007 -29"><span class='ocrx_word' id='word_1_115' title='bbox 62 2450 110 2500; x_wconf 89' lang='lat' dir='ltr'><strong>tun</strong></span> <span class='ocrx_word' id='word_1_116' title='bbox 128 2457 169 2503; x_wconf 88' lang='lat' dir='ltr'><strong>est</strong></span> <span class='ocrx_word' id='word_1_117' title='bbox 187 2449 401 2527; x_wconf 85' lang='lat' dir='ltr'><strong>interpretatum</strong></span> <span class='ocrx_word' id='word_1_118' title='bbox 421 2470 482 2510; x_wconf 87' lang='lat' dir='ltr'><strong>esse</strong></span> <span class='ocrx_word' id='word_1_119' title='bbox 500 2451 632 2511; x_wconf 87' lang='lat' dir='ltr'><strong>Ouidium</strong></span> <span class='ocrx_word' id='word_1_120' title='bbox 651 2449 738 2508; x_wconf 76' lang='lat' dir='ltr'><strong>fastos</strong></span> <span class='ocrx_word' id='word_1_121' title='bbox 758 2460 787 2507; x_wconf 89' lang='lat' dir='ltr'><strong>et</strong></span> <span class='ocrx_word' id='word_1_122' title='bbox 806 2469 964 2509; x_wconf 85' lang='lat' dir='ltr'><strong>enarrasse:</strong></span> <span class='ocrx_word' id='word_1_123' title='bbox 984 2467 1018 2507; x_wconf 81' lang='lat' dir='ltr'><strong>es</strong></span> <span class='ocrx_word' id='word_1_124' title='bbox 1036 2464 1150 2507; x_wconf 86' lang='lat' dir='ltr'><strong>enarra·</strong></span> <span class='ocrx_word' id='word_1_125' title='bbox 1256 2452 1261 2472; x_wconf 75' lang='lat'>¹</span> 
     </span>
     <span class='ocr_line' id='line_1_15' title="bbox 62 2535 1196 2624; baseline 0.004 -32"><span class='ocrx_word' id='word_1_126' title='bbox 62 2538 92 2593; x_wconf 84' lang='lat' dir='ltr'><strong>tio</strong></span> <span class='ocrx_word' id='word_1_127' title='bbox 106 2540 153 2596; x_wconf 90' lang='lat' dir='ltr'><strong>nisi</strong></span> <span class='ocrx_word' id='word_1_128' title='bbox 170 2543 282 2618; x_wconf 84' lang='lat' dir='ltr'><strong>cognita</strong></span> <span class='ocrx_word' id='word_1_129' title='bbox 300 2545 348 2602; x_wconf 83' lang='lat' dir='ltr'><strong>illu</strong></span> <span class='ocrx_word' id='word_1_130' title='bbox 367 2562 408 2618; x_wconf 90' lang='lat' dir='ltr'><strong>re,</strong></span> <span class='ocrx_word' id='word_1_131' title='bbox 421 2535 502 2622; x_wconf 79' lang='lat' dir='ltr'><strong>¹quae</strong></span> <span class='ocrx_word' id='word_1_132' title='bbox 516 2555 672 2614; x_wconf 85' lang='lat' dir='ltr'><strong>enarratur,</strong></span> <span class='ocrx_word' id='word_1_133' title='bbox 693 2563 750 2602; x_wconf 90' lang='lat' dir='ltr'><strong>non</strong></span> <span class='ocrx_word' id='word_1_134' title='bbox 764 2546 850 2621; x_wconf 85' lang='lat' dir='ltr'><strong>magis</strong></span> <span class='ocrx_word' id='word_1_135' title='bbox 869 2542 1047 2618; x_wconf 82' lang='lat' dir='ltr'><strong>intelligetur,</strong></span> <span class='ocrx_word' id='word_1_136' title='bbox 1067 2557 1150 2618; x_wconf 87' lang='lat' dir='ltr'><strong>quam</strong></span> <span class='ocrx_word' id='word_1_137' title='bbox 1193 2558 1196 2624; x_wconf 61' lang='lat' dir='ltr'>j</span> 
     </span>
     <span class='ocr_line' id='line_1_16' title="bbox 61 2625 1151 2713; baseline -0.001 -22"><span class='ocrx_word' id='word_1_138' title='bbox 61 2625 125 2706; x_wconf 71' lang='lat' dir='ltr'><strong>haec,</strong></span> <span class='ocrx_word' id='word_1_139' title='bbox 144 2653 216 2711; x_wconf 91' lang='lat' dir='ltr'><strong>quae</strong></span> <span class='ocrx_word' id='word_1_140' title='bbox 236 2654 310 2694; x_wconf 89' lang='lat' dir='ltr'><strong>nunc</strong></span> <span class='ocrx_word' id='word_1_141' title='bbox 327 2639 486 2705; x_wconf 85' lang='lat' dir='ltr'><strong>scribimus,</strong></span> <span class='ocrx_word' id='word_1_142' title='bbox 506 2638 541 2694; x_wconf 82' lang='lat' dir='ltr'><strong>ab</strong></span> <span class='ocrx_word' id='word_1_143' title='bbox 561 2655 614 2711; x_wconf 91' lang='lat' dir='ltr'><strong>eo,</strong></span> <span class='ocrx_word' id='word_1_144' title='bbox 635 2639 683 2713; x_wconf 92' lang='lat' dir='ltr'><strong>qui</strong></span> <span class='ocrx_word' id='word_1_145' title='bbox 702 2656 812 2694; x_wconf 89' lang='lat' dir='ltr'><strong>carmen</strong></span> <span class='ocrx_word' id='word_1_146' title='bbox 833 2635 927 2695; x_wconf 91' lang='lat' dir='ltr'><strong>Ouidii</strong></span> <span class='ocrx_word' id='word_1_147' title='bbox 946 2653 1086 2712; x_wconf 80' lang='lat' dir='ltr'><strong>nunquam</strong></span> <span class='ocrx_word' id='word_1_148' title='bbox 1107 2634 1151 2691; x_wconf 88' lang='lat' dir='ltr'><strong>le·</strong></span> 
     </span>
    </p>

    <p class='ocr_par' dir='ltr' id='par_1_8' title="bbox 60 2723 1150 2808">
     <span class='ocr_line' id='line_1_17' title="bbox 60 2723 1150 2808; baseline 0.001 -27"><span class='ocrx_word' id='word_1_149' title='bbox 60 2723 95 2797; x_wconf 79' lang='lat' dir='ltr'><strong>git.</strong></span> <span class='ocrx_word' id='word_1_150' title='bbox 122 2727 219 2804; x_wconf 88' lang='lat' dir='ltr'><strong>ltaque</strong></span> <span class='ocrx_word' id='word_1_151' title='bbox 237 2748 299 2785; x_wconf 90' lang='lat' dir='ltr'><strong>cum</strong></span> <span class='ocrx_word' id='word_1_152' title='bbox 318 2729 439 2787; x_wconf 88' lang='lat' dir='ltr'><strong>nonnihil</strong></span> <span class='ocrx_word' id='word_1_153' title='bbox 455 2739 591 2788; x_wconf 89' lang='lat' dir='ltr'><strong>mutatum</strong></span> <span class='ocrx_word' id='word_1_154' title='bbox 610 2731 639 2786; x_wconf 91' lang='lat' dir='ltr'><strong>in</strong></span> <span class='ocrx_word' id='word_1_155' title='bbox 659 2730 736 2788; x_wconf 82' lang='lat' dir='ltr'><strong>lastis</strong></span> <span class='ocrx_word' id='word_1_156' title='bbox 752 2731 864 2808; x_wconf 86' lang='lat' dir='ltr'><strong>publica</strong></span> <span class='ocrx_word' id='word_1_157' title='bbox 878 2730 1042 2789; x_wconf 86' lang='lat' dir='ltr'><strong>anctoritate</strong></span> <span class='ocrx_word' id='word_1_158' title='bbox 1056 2725 1150 2784; x_wconf 89' lang='lat' dir='ltr'><strong>Ouidii</strong></span> 
     </span>
    </p>

    <p class='ocr_par' dir='ltr' id='par_1_9' title="bbox 61 2817 1149 2899">
     <span class='ocr_line' id='line_1_18' title="bbox 61 2817 1149 2899; baseline -0.001 -25"><span class='ocrx_word' id='word_1_159' title='bbox 61 2832 116 2875; x_wconf 73' lang='lat' dir='ltr'><strong>acuo</strong></span> <span class='ocrx_word' id='word_1_160' title='bbox 133 2820 260 2895; x_wconf 88' lang='lat' dir='ltr'><strong>dicatur,</strong></span> <span class='ocrx_word' id='word_1_161' title='bbox 280 2822 307 2878; x_wconf 92' lang='lat' dir='ltr'><strong>id</strong></span> <span class='ocrx_word' id='word_1_162' title='bbox 327 2823 478 2880; x_wconf 87' lang='lat' dir='ltr'><strong>cuiusmodi</strong></span> <span class='ocrx_word' id='word_1_163' title='bbox 499 2824 600 2898; x_wconf 82' lang='lat' dir='ltr'><strong>fuerit,</strong></span> <span class='ocrx_word' id='word_1_164' title='bbox 620 2823 841 2899; x_wconf 81' lang='lat' dir='ltr'><strong>cognoscendum</strong></span> <span class='ocrx_word' id='word_1_165' title='bbox 862 2834 922 2896; x_wconf 91' lang='lat' dir='ltr'><strong>est,</strong></span> <span class='ocrx_word' id='word_1_166' title='bbox 942 2824 1001 2879; x_wconf 90' lang='lat' dir='ltr'><strong>siue</strong></span> <span class='ocrx_word' id='word_1_167' title='bbox 1021 2820 1056 2878; x_wconf 88' lang='lat' dir='ltr'><strong>ad</strong></span> <span class='ocrx_word' id='word_1_168' title='bbox 1077 2817 1149 2879; x_wconf 88' lang='lat' dir='ltr'><strong>Oui·</strong></span> 
     </span>
    </p>

    <p class='ocr_par' dir='ltr' id='par_1_10' title="bbox 59 2908 1210 3272">
     <span class='ocr_line' id='line_1_19' title="bbox 60 2908 1210 2994; baseline 0.001 -28"><span class='ocrx_word' id='word_1_169' title='bbox 60 2908 118 2968; x_wconf 82' lang='lat' dir='ltr'><strong>dum</strong></span> <span class='ocrx_word' id='word_1_170' title='bbox 137 2917 275 2991; x_wconf 87' lang='lat' dir='ltr'><strong>pertinet,</strong></span> <span class='ocrx_word' id='word_1_171' title='bbox 301 2917 360 2974; x_wconf 88' lang='lat' dir='ltr'><strong>siue</strong></span> <span class='ocrx_word' id='word_1_172' title='bbox 385 2935 440 2972; x_wconf 91' lang='lat' dir='ltr'><strong>non</strong></span> <span class='ocrx_word' id='word_1_173' title='bbox 466 2917 595 2992; x_wconf 89' lang='lat' dir='ltr'><strong>pertinet.</strong></span> <span class='ocrx_word' id='word_1_174' title='bbox 634 2914 707 2971; x_wconf 90' lang='lat' dir='ltr'><strong>Nam</strong></span> <span class='ocrx_word' id='word_1_175' title='bbox 735 2918 758 2973; x_wconf 88' lang='lat' dir='ltr'><strong>si</strong></span> <span class='ocrx_word' id='word_1_176' title='bbox 776 2936 832 2973; x_wconf 91' lang='lat' dir='ltr'><strong>non</strong></span> <span class='ocrx_word' id='word_1_177' title='bbox 852 2918 974 2994; x_wconf 89' lang='lat' dir='ltr'><strong>pertinet</strong></span> <span class='ocrx_word' id='word_1_178' title='bbox 989 2914 1150 2989; x_wconf 69' lang='lat' dir='ltr'><strong>factumque</strong></span> <span class='ocrx_word' id='word_1_179' title='bbox 1207 2948 1210 2954; x_wconf 78' lang='lat'>‚</span> 
     </span>
     <span class='ocr_line' id='line_1_20' title="bbox 60 3010 1149 3087; baseline 0 -25"><span class='ocrx_word' id='word_1_180' title='bbox 60 3015 91 3061; x_wconf 79' lang='lat' dir='ltr'><strong>est</strong></span> <span class='ocrx_word' id='word_1_181' title='bbox 101 3019 283 3085; x_wconf 79' lang='lat' dir='ltr'><strong>posteaquam</strong></span> <span class='ocrx_word' id='word_1_182' title='bbox 302 3027 412 3065; x_wconf 89' lang='lat' dir='ltr'><strong>carmen</strong></span> <span class='ocrx_word' id='word_1_183' title='bbox 427 3019 513 3084; x_wconf 86' lang='lat' dir='ltr'><strong>poeta</strong></span> <span class='ocrx_word' id='word_1_184' title='bbox 528 3010 692 3086; x_wconf 88' lang='lat' dir='ltr'><strong>composuit,</strong></span> <span class='ocrx_word' id='word_1_185' title='bbox 712 3027 836 3067; x_wconf 88' lang='lat' dir='ltr'><strong>seorsum</strong></span> <span class='ocrx_word' id='word_1_186' title='bbox 853 3029 870 3067; x_wconf 94' lang='lat' dir='ltr'><strong>a</strong></span> <span class='ocrx_word' id='word_1_187' title='bbox 885 3010 1047 3087; x_wconf 83' lang='lat' dir='ltr'><strong>quaestione</strong></span> <span class='ocrx_word' id='word_1_188' title='bbox 1063 3021 1149 3082; x_wconf 78' lang='lat' dir='ltr'><strong>quse·</strong></span> 
     </span>
     <span class='ocr_line' id='line_1_21' title="bbox 59 3093 1149 3179; baseline 0 -24"><span class='ocrx_word' id='word_1_189' title='bbox 59 3093 190 3158; x_wconf 76' lang='lat' dir='ltr'><strong>drusum</strong></span> <span class='ocrx_word' id='word_1_190' title='bbox 209 3100 355 3158; x_wconf 74' lang='lat' dir='ltr'><strong>habendae</strong></span> <span class='ocrx_word' id='word_1_191' title='bbox 383 3102 405 3157; x_wconf 91' lang='lat' dir='ltr'><strong>si</strong></span> <span class='ocrx_word' id='word_1_192' title='bbox 425 3119 493 3158; x_wconf 88' lang='lat' dir='ltr'><strong>uero</strong></span> <span class='ocrx_word' id='word_1_193' title='bbox 512 3104 651 3179; x_wconf 88' lang='lat' dir='ltr'><strong>pertinet,</strong></span> <span class='ocrx_word' id='word_1_194' title='bbox 679 3102 826 3159; x_wconf 91' lang='lat' dir='ltr'><strong>uidendum</strong></span> <span class='ocrx_word' id='word_1_195' title='bbox 847 3113 907 3176; x_wconf 87' lang='lat' dir='ltr'><strong>est,</strong></span> <span class='ocrx_word' id='word_1_196' title='bbox 927 3101 1046 3179; x_wconf 84' lang='lat' dir='ltr'><strong>fueritne</strong></span> <span class='ocrx_word' id='word_1_197' title='bbox 1065 3117 1099 3156; x_wconf 85' lang='lat' dir='ltr'><strong>ea</strong></span> <span class='ocrx_word' id='word_1_198' title='bbox 1118 3115 1149 3156; x_wconf 87' lang='lat' dir='ltr'><strong>re</strong></span> 
     </span>
     <span class='ocr_line' id='line_1_22' title="bbox 61 3189 1148 3272; baseline 0.001 -25"><span class='ocrx_word' id='word_1_199' title='bbox 61 3193 213 3262; x_wconf 71' lang='lat' dir='ltr'><strong>pomstmum</strong></span> <span class='ocrx_word' id='word_1_200' title='bbox 230 3194 266 3250; x_wconf 82' lang='lat' dir='ltr'><strong>ed</strong></span> <span class='ocrx_word' id='word_1_201' title='bbox 286 3193 459 3251; x_wconf 88' lang='lat' dir='ltr'><strong>scribendum</strong></span> <span class='ocrx_word' id='word_1_202' title='bbox 480 3206 577 3252; x_wconf 81' lang='lat' dir='ltr'><strong>auctor</strong></span> <span class='ocrx_word' id='word_1_203' title='bbox 591 3202 745 3272; x_wconf 85' lang='lat' dir='ltr'><strong>permotus.</strong></span> <span class='ocrx_word' id='word_1_204' title='bbox 775 3195 858 3262; x_wconf 86' lang='lat' dir='ltr'><strong>Quae</strong></span> <span class='ocrx_word' id='word_1_205' title='bbox 875 3195 959 3270; x_wconf 81' lang='lat' dir='ltr'><strong>igitur</strong></span> <span class='ocrx_word' id='word_1_206' title='bbox 970 3193 1007 3250; x_wconf 92' lang='lat' dir='ltr'><strong>de</strong></span> <span class='ocrx_word' id='word_1_207' title='bbox 1019 3189 1148 3268; x_wconf 81' lang='lat' dir='ltr'><strong>Augusto</strong></span> 
     </span>
    </p>

    <p class='ocr_par' dir='ltr' id='par_1_11' title="bbox 60 3284 1149 3365">
     <span class='ocr_line' id='line_1_23' title="bbox 60 3284 1149 3365; baseline 0.003 -26"><span class='ocrx_word' id='word_1_208' title='bbox 60 3284 142 3344; x_wconf 70' lang='lat' dir='ltr'><strong>odim</strong></span> <span class='ocrx_word' id='word_1_209' title='bbox 162 3288 275 3361; x_wconf 90' lang='lat' dir='ltr'><strong>inueni,</strong></span> <span class='ocrx_word' id='word_1_210' title='bbox 300 3286 370 3344; x_wconf 85' lang='lat' dir='ltr'><strong>haec</strong></span> <span class='ocrx_word' id='word_1_211' title='bbox 389 3297 471 3361; x_wconf 89' lang='lat' dir='ltr'><strong>sunt,</strong></span> <span class='ocrx_word' id='word_1_212' title='bbox 497 3290 616 3365; x_wconf 87' lang='lat' dir='ltr'><strong>primum</strong></span> <span class='ocrx_word' id='word_1_213' title='bbox 636 3287 769 3345; x_wconf 86' lang='lat' dir='ltr'><strong>Sextilem</strong></span> <span class='ocrx_word' id='word_1_214' title='bbox 789 3305 910 3344; x_wconf 89' lang='lat' dir='ltr'><strong>mensem</strong></span> <span class='ocrx_word' id='word_1_215' title='bbox 935 3287 963 3343; x_wconf 91' lang='lat' dir='ltr'><strong>in</strong></span> <span class='ocrx_word' id='word_1_216' title='bbox 983 3287 1041 3343; x_wconf 93' lang='lat' dir='ltr'><strong>eius</strong></span> <span class='ocrx_word' id='word_1_217' title='bbox 1060 3285 1149 3342; x_wconf 81' lang='lat' dir='ltr'><strong>liono-</strong></span> 
     </span>
    </p>

    <p class='ocr_par' dir='ltr' id='par_1_12' title="bbox 58 3374 1266 3643">
     <span class='ocr_line' id='line_1_24' title="bbox 58 3374 1266 3457; baseline -0.002 -24"><span class='ocrx_word' id='word_1_218' title='bbox 58 3389 105 3432; x_wconf 65' lang='grc' dir='ltr'><strong>κω</strong></span> <span class='ocrx_word' id='word_1_219' title='bbox 121 3382 292 3457; x_wconf 88' lang='lat' dir='ltr'><strong>appellatum</strong></span> <span class='ocrx_word' id='word_1_220' title='bbox 312 3399 372 3439; x_wconf 88' lang='lat' dir='ltr'><strong>esse</strong></span> <span class='ocrx_word' id='word_1_221' title='bbox 392 3379 545 3456; x_wconf 73' lang='lat' dir='ltr'><strong>Augustum</strong></span> <span class='ocrx_word' id='word_1_222' title='bbox 564 3398 599 3438; x_wconf 84' lang='lat' dir='ltr'><strong>ex</strong></span> <span class='ocrx_word' id='word_1_223' title='bbox 618 3380 650 3438; x_wconf 84' lang='lat' dir='ltr'><strong>S.</strong></span> <span class='ocrx_word' id='word_1_224' title='bbox 672 3380 719 3454; x_wconf 89' lang='lat' dir='ltr'><strong>C.,</strong></span> <span class='ocrx_word' id='word_1_225' title='bbox 744 3380 821 3437; x_wconf 86' lang='lat' dir='ltr'><strong>cuius</strong></span> <span class='ocrx_word' id='word_1_226' title='bbox 846 3381 932 3437; x_wconf 90' lang='lat' dir='ltr'><strong>uerba</strong></span> <span class='ocrx_word' id='word_1_227' title='bbox 958 3385 1053 3438; x_wconf 84' lang='lat' dir='ltr'><strong>extant</strong></span> <span class='ocrx_word' id='word_1_228' title='bbox 1072 3374 1148 3455; x_wconf 92' lang='lat' dir='ltr'><strong>apud</strong></span> <span class='ocrx_word' id='word_1_229' title='bbox 1263 3413 1266 3430; x_wconf 77' lang='grc'>,</span> 
     </span>
     <span class='ocr_line' id='line_1_25' title="bbox 58 3460 1256 3547; baseline -0.001 -22"><span class='ocrx_word' id='word_1_230' title='bbox 58 3463 215 3530; x_wconf 78' lang='lat' dir='ltr'><strong>ilncrobium</strong></span> <span class='ocrx_word' id='word_1_231' title='bbox 234 3475 295 3532; x_wconf 83' lang='lat' dir='ltr'><strong>Sat.</strong></span> <span class='ocrx_word' id='word_1_232' title='bbox 313 3481 342 3547; x_wconf 89' lang='lat' dir='ltr'><strong>l,</strong></span> <span class='ocrx_word' id='word_1_233' title='bbox 359 3480 406 3547; x_wconf 84' lang='lat'><strong>12,</strong></span> <span class='ocrx_word' id='word_1_234' title='bbox 426 3493 499 3530; x_wconf 91' lang='lat' dir='ltr'><strong>anno</strong></span> <span class='ocrx_word' id='word_1_235' title='bbox 514 3474 550 3531; x_wconf 84' lang='lat' dir='ltr'><strong>V.</strong></span> <span class='ocrx_word' id='word_1_236' title='bbox 564 3473 598 3531; x_wconf 89' lang='lat' dir='ltr'><strong>C.</strong></span> <span class='ocrx_word' id='word_1_237' title='bbox 613 3475 671 3530; x_wconf 79' lang='lat'><strong>746</strong></span> <span class='ocrx_word' id='word_1_238' title='bbox 691 3482 810 3530; x_wconf 86' lang='lat' dir='ltr'><strong>testante</strong></span> <span class='ocrx_word' id='word_1_239' title='bbox 829 3473 919 3530; x_wconf 90' lang='lat' dir='ltr'><strong>Dione</strong></span> <span class='ocrx_word' id='word_1_240' title='bbox 939 3460 1034 3530; x_wconf 84' lang='lat' dir='ltr'><strong>Cassio</strong></span> <span class='ocrx_word' id='word_1_241' title='bbox 1048 3469 1098 3542; x_wconf 81' lang='lat'><strong>65,</strong></span> <span class='ocrx_word' id='word_1_242' title='bbox 1113 3470 1148 3539; x_wconf 81' lang='lat'><strong>63</strong></span> <span class='ocrx_word' id='word_1_243' title='bbox 1254 3476 1256 3483; x_wconf 90' lang='lat'>&#39;</span> 
     </span>
     <span class='ocr_line' id='line_1_26' title="bbox 58 3559 1148 3643; baseline -0.005 -21"><span class='ocrx_word' id='word_1_244' title='bbox 58 3559 84 3617; x_wconf 76' lang='lat' dir='ltr'><strong>de</strong></span> <span class='ocrx_word' id='word_1_245' title='bbox 107 3584 161 3640; x_wconf 89' lang='lat' dir='ltr'><strong>qua</strong></span> <span class='ocrx_word' id='word_1_246' title='bbox 187 3585 220 3624; x_wconf 88' lang='lat' dir='ltr'><strong>re</strong></span> <span class='ocrx_word' id='word_1_247' title='bbox 245 3567 327 3624; x_wconf 85' lang='lat' dir='ltr'><strong>ualde</strong></span> <span class='ocrx_word' id='word_1_248' title='bbox 354 3568 457 3625; x_wconf 89' lang='lat' dir='ltr'><strong>errauit</strong></span> <span class='ocrx_word' id='word_1_249' title='bbox 482 3567 631 3643; x_wconf 82' lang='lat' dir='ltr'><strong>Fogginius</strong></span> <span class='ocrx_word' id='word_1_250' title='bbox 656 3567 734 3624; x_wconf 83' lang='lat' dir='ltr'><strong>Fast.</strong></span> <span class='ocrx_word' id='word_1_251' title='bbox 760 3565 863 3624; x_wconf 88' lang='lat' dir='ltr'><strong>Praen.</strong></span> <span class='ocrx_word' id='word_1_252' title='bbox 889 3585 919 3643; x_wconf 90' lang='lat' dir='ltr'><strong>p.</strong></span> <span class='ocrx_word' id='word_1_253' title='bbox 937 3563 1011 3638; x_wconf 77' lang='lat'><strong>1253</strong></span> <span class='ocrx_word' id='word_1_254' title='bbox 1046 3560 1148 3619; x_wconf 92' lang='lat' dir='ltr'><strong>deinde</strong></span> 
     </span>
    </p>

    <p class='ocr_par' dir='ltr' id='par_1_13' title="bbox 57 3651 1266 3828">
     <span class='ocr_line' id='line_1_27' title="bbox 57 3651 1266 3729; baseline -0.003 -15"><span class='ocrx_word' id='word_1_255' title='bbox 57 3651 132 3729; x_wconf 47' lang='lat' dir='ltr'><strong>mum</strong></span> <span class='ocrx_word' id='word_1_256' title='bbox 151 3676 273 3717; x_wconf 89' lang='lat' dir='ltr'><strong>errorem</strong></span> <span class='ocrx_word' id='word_1_257' title='bbox 299 3662 325 3717; x_wconf 91' lang='lat' dir='ltr'><strong>in</strong></span> <span class='ocrx_word' id='word_1_258' title='bbox 351 3659 540 3718; x_wconf 86' lang='lat' dir='ltr'><strong>intercalando</strong></span> <span class='ocrx_word' id='word_1_259' title='bbox 565 3661 618 3715; x_wconf 86' lang='lat' dir='ltr'><strong>iarn</strong></span> <span class='ocrx_word' id='word_1_260' title='bbox 639 3668 762 3717; x_wconf 86' lang='lat' dir='ltr'><strong>ueterem</strong></span> <span class='ocrx_word' id='word_1_261' title='bbox 789 3659 932 3716; x_wconf 87' lang='lat' dir='ltr'><strong>sustulisse</strong></span> <span class='ocrx_word' id='word_1_262' title='bbox 951 3666 1030 3715; x_wconf 84' lang='lat' dir='ltr'><strong>serto</strong></span> <span class='ocrx_word' id='word_1_263' title='bbox 1049 3664 1080 3713; x_wconf 91' lang='lat' dir='ltr'><strong>et</strong></span> <span class='ocrx_word' id='word_1_264' title='bbox 1097 3654 1146 3728; x_wconf 86' lang='lat' dir='ltr'><strong>tri·</strong></span> <span class='ocrx_word' id='word_1_265' title='bbox 1261 3705 1266 3719; x_wconf 89' lang='grc'><em>,</em></span> 
     </span>
     <span class='ocr_line' id='line_1_28' title="bbox 58 3746 1146 3828; baseline -0.001 -24"><span class='ocrx_word' id='word_1_266' title='bbox 58 3751 144 3805; x_wconf 63' lang='lat' dir='ltr'><strong>mimo</strong></span> <span class='ocrx_word' id='word_1_267' title='bbox 163 3768 236 3807; x_wconf 84' lang='lat' dir='ltr'><strong>anno</strong></span> <span class='ocrx_word' id='word_1_268' title='bbox 256 3762 321 3828; x_wconf 90' lang='lat' dir='ltr'><strong>post</strong></span> <span class='ocrx_word' id='word_1_269' title='bbox 339 3755 488 3812; x_wconf 85' lang='lat' dir='ltr'><strong>Caesarem</strong></span> <span class='ocrx_word' id='word_1_270' title='bbox 507 3752 688 3827; x_wconf 89' lang='lat' dir='ltr'><strong>dictatorem,</strong></span> <span class='ocrx_word' id='word_1_271' title='bbox 716 3753 771 3810; x_wconf 89' lang='lat' dir='ltr'><strong>hoc</strong></span> <span class='ocrx_word' id='word_1_272' title='bbox 789 3762 832 3809; x_wconf 89' lang='lat' dir='ltr'><strong>est</strong></span> <span class='ocrx_word' id='word_1_273' title='bbox 849 3753 886 3809; x_wconf 87' lang='lat' dir='ltr'><strong>V.</strong></span> <span class='ocrx_word' id='word_1_274' title='bbox 907 3751 942 3810; x_wconf 84' lang='lat' dir='ltr'><strong>C.</strong></span> <span class='ocrx_word' id='word_1_275' title='bbox 962 3751 1031 3823; x_wconf 80' lang='lat'><strong>746,</strong></span> <span class='ocrx_word' id='word_1_276' title='bbox 1058 3746 1146 3804; x_wconf 88' lang='lat' dir='ltr'><strong>Macr.</strong></span> 
     </span>
    </p>

    <p class='ocr_par' dir='ltr' id='par_1_14' title="bbox 57 3839 1146 4008">
     <span class='ocr_line' id='line_1_29' title="bbox 58 3839 1146 3922; baseline -0.003 -24"><span class='ocrx_word' id='word_1_277' title='bbox 58 3840 79 3911; x_wconf 91' lang='lat' dir='ltr'><strong>l,</strong></span> <span class='ocrx_word' id='word_1_278' title='bbox 96 3844 131 3898; x_wconf 80' lang='lat'><strong>14</strong></span> <span class='ocrx_word' id='word_1_279' title='bbox 156 3842 235 3901; x_wconf 87' lang='lat' dir='ltr'><strong>Suet.</strong></span> <span class='ocrx_word' id='word_1_280' title='bbox 255 3843 324 3904; x_wconf 87' lang='lat' dir='ltr'><strong>Oct.</strong></span> <span class='ocrx_word' id='word_1_281' title='bbox 344 3852 397 3920; x_wconf 79' lang='lat'><strong>313</strong></span> <span class='ocrx_word' id='word_1_282' title='bbox 429 3855 487 3903; x_wconf 87' lang='lat' dir='ltr'><strong>turn</strong></span> <span class='ocrx_word' id='word_1_283' title='bbox 513 3844 593 3902; x_wconf 87' lang='lat' dir='ltr'><strong>ludos</strong></span> <span class='ocrx_word' id='word_1_284' title='bbox 612 3863 768 3922; x_wconf 86' lang='lat' dir='ltr'><strong>perennes,</strong></span> <span class='ocrx_word' id='word_1_285' title='bbox 794 3844 848 3902; x_wconf 81' lang='lat' dir='ltr'><strong>lroc</strong></span> <span class='ocrx_word' id='word_1_286' title='bbox 866 3853 927 3919; x_wconf 89' lang='lat' dir='ltr'><strong>est,</strong></span> <span class='ocrx_word' id='word_1_287' title='bbox 947 3843 993 3921; x_wconf 91' lang='lat' dir='ltr'><strong>qui</strong></span> <span class='ocrx_word' id='word_1_288' title='bbox 1013 3844 1040 3898; x_wconf 91' lang='lat' dir='ltr'><strong>in</strong></span> <span class='ocrx_word' id='word_1_289' title='bbox 1060 3839 1146 3897; x_wconf 74' lang='lat' dir='ltr'><strong>fastos</strong></span> 
     </span>
     <span class='ocr_line' id='line_1_30' title="bbox 57 3932 1146 4008; baseline -0.001 -18"><span class='ocrx_word' id='word_1_290' title='bbox 57 3932 227 4008; x_wconf 80' lang='lat' dir='ltr'><strong>reserrentur,</strong></span> <span class='ocrx_word' id='word_1_291' title='bbox 255 3943 313 3996; x_wconf 81' lang='lat' dir='ltr'><strong>elus</strong></span> <span class='ocrx_word' id='word_1_292' title='bbox 330 3939 416 3996; x_wconf 87' lang='lat' dir='ltr'><strong>natali</strong></span> <span class='ocrx_word' id='word_1_293' title='bbox 436 3938 481 3994; x_wconf 91' lang='lat' dir='ltr'><strong>die</strong></span> <span class='ocrx_word' id='word_1_294' title='bbox 501 3938 627 3996; x_wconf 86' lang='lat' dir='ltr'><strong>decretos</strong></span> <span class='ocrx_word' id='word_1_295' title='bbox 645 3940 711 3997; x_wconf 90' lang='lat' dir='ltr'><strong>item</strong></span> <span class='ocrx_word' id='word_1_296' title='bbox 732 3957 805 3996; x_wconf 85' lang='lat' dir='ltr'><strong>anno</strong></span> <span class='ocrx_word' id='word_1_297' title='bbox 824 3940 882 3995; x_wconf 79' lang='lat'><strong>746</strong></span> <span class='ocrx_word' id='word_1_298' title='bbox 901 3936 1054 3995; x_wconf 89' lang='lat' dir='ltr'><strong>secundum</strong></span> <span class='ocrx_word' id='word_1_299' title='bbox 1073 3933 1146 3989; x_wconf 90' lang='lat' dir='ltr'><strong>Dio-</strong></span> 
     </span>
    </p>

    <p class='ocr_par' dir='ltr' id='par_1_15' title="bbox 57 4023 1155 4108">
     <span class='ocr_line' id='line_1_31' title="bbox 57 4023 1155 4108; baseline -0.002 -25"><span class='ocrx_word' id='word_1_300' title='bbox 57 4025 88 4083; x_wconf 75' lang='lat' dir='ltr'><strong>u&#39;s</strong></span> <span class='ocrx_word' id='word_1_301' title='bbox 104 4028 192 4087; x_wconf 86' lang='lat' dir='ltr'><strong>locum</strong></span> <span class='ocrx_word' id='word_1_302' title='bbox 211 4031 383 4107; x_wconf 64' lang='lat' dir='ltr'><strong>indicatum</strong></span> <span class='ocrx_word' id='word_1_303' title='bbox 408 4043 553 4108; x_wconf 84' lang='lat' dir='ltr'><strong>quartum,</strong></span> <span class='ocrx_word' id='word_1_304' title='bbox 580 4032 616 4089; x_wconf 89' lang='lat' dir='ltr'><strong>ab</strong></span> <span class='ocrx_word' id='word_1_305' title='bbox 636 4048 670 4090; x_wconf 89' lang='lat' dir='ltr'><strong>eo</strong></span> <span class='ocrx_word' id='word_1_306' title='bbox 690 4041 780 4091; x_wconf 90' lang='lat' dir='ltr'><strong>certos</strong></span> <span class='ocrx_word' id='word_1_307' title='bbox 805 4031 865 4092; x_wconf 86' lang='lat' dir='ltr'><strong>dies</strong></span> <span class='ocrx_word' id='word_1_308' title='bbox 892 4031 1005 4093; x_wconf 75' lang='lat' dir='ltr'><strong>senatui</strong></span> <span class='ocrx_word' id='word_1_309' title='bbox 1017 4023 1155 4089; x_wconf 61' lang='lat' dir='ltr'><strong>natendo</strong></span> 
     </span>
    </p>
   </div>
   <div class='ocr_carea' id='block_1_4' title="bbox 57 4118 1177 4289">
    <p class='ocr_par' dir='ltr' id='par_1_16' title="bbox 57 4118 1177 4289">
     <span class='ocr_line' id='line_1_32' title="bbox 57 4118 1177 4206; baseline 0.006 -27"><span class='ocrx_word' id='word_1_310' title='bbox 57 4123 202 4181; x_wconf 65' lang='lat' dir='ltr'><strong>morituros</strong></span> <span class='ocrx_word' id='word_1_311' title='bbox 228 4143 303 4198; x_wconf 84' lang='lat' dir='ltr'><strong>esse,</strong></span> <span class='ocrx_word' id='word_1_312' title='bbox 329 4126 504 4183; x_wconf 70' lang='lat' dir='ltr'><strong>sanantibus</strong></span> <span class='ocrx_word' id='word_1_313' title='bbox 523 4125 663 4188; x_wconf 82' lang='lat' dir='ltr'><strong>Suetonio</strong></span> <span class='ocrx_word' id='word_1_314' title='bbox 683 4147 708 4190; x_wconf 81' lang='lat' dir='ltr'><strong>c.</strong></span> <span class='ocrx_word' id='word_1_315' title='bbox 730 4127 770 4189; x_wconf 80' lang='lat'><strong>35</strong></span> <span class='ocrx_word' id='word_1_316' title='bbox 799 4139 829 4190; x_wconf 87' lang='lat' dir='ltr'><strong>et</strong></span> <span class='ocrx_word' id='word_1_317' title='bbox 855 4129 954 4192; x_wconf 87' lang='lat' dir='ltr'><strong>Dione</strong></span> <span class='ocrx_word' id='word_1_318' title='bbox 975 4127 1031 4206; x_wconf 71' lang='lat' dir='ltr'><strong>(tlt,</strong></span> <span class='ocrx_word' id='word_1_319' title='bbox 1048 4129 1095 4204; x_wconf 63' lang='lat' dir='ltr'><strong>d,</strong></span> <span class='ocrx_word' id='word_1_320' title='bbox 1121 4118 1177 4200; x_wconf 52' lang='lat' dir='ltr'><strong>qli</strong></span> 
     </span>
     <span class='ocr_line' id='line_1_33' title="bbox 836 4229 907 4289; baseline -0.014 0"><span class='ocrx_word' id='word_1_321' title='bbox 836 4229 862 4289; x_wconf 71' lang='grc' dir='ltr'><strong>Δ</strong></span> <span class='ocrx_word' id='word_1_322' title='bbox 882 4234 907 4288; x_wconf 81' lang='lat'>2</span> 
     </span>
    </p>
   </div>
   <div class='ocr_carea' id='block_1_5' title="bbox 0 0 1280 4574">
    <p class='ocr_par' dir='ltr' id='par_1_17' title="bbox 0 0 1280 4574">
     <span class='ocr_line' id='line_1_34' title="bbox 0 0 1280 4574; baseline 0 0"><span class='ocrx_word' id='word_1_323' title='bbox 0 0 1280 4574; x_wconf 95' lang='lat' dir='ltr'><strong> </strong></span> 
     </span>
    </p>
   </div>
  </div>
 </body>
</html>
