2550 4574
129 266 258 317 nxxxvr
488 263 640 338 ururuvs.
663 260 870 311 nnnssusovs

207 419 337 479 Transeo
356 414 393 475 ud
411 414 569 501 tabularum
595 416 842 479 astronomicarum
860 421 1003 489 enotares,
1029 430 1102 492 quos
1118 421 1235 499 secutus

129 530 192 574 asse
209 509 336 570 uideatur
349 506 479 569 Ouidius.
515 509 576 569 Han
594 511 623 569 in
640 528 672 569 ss
686 527 742 569 uon
762 519 806 570 est
817 507 954 587 propositi
971 506 1027 567 mei
1044 506 1131 566 telam
1148 524 1235 587 egre-

11 650 13 656 .
130 606 177 686 gie
194 604 345 665 institutam
364 620 416 680 per
430 601 605 663 Odosreduur
619 602 784 662 Muellerum
804 601 894 659 uirum
913 599 1099 679 perillustrem
1116 599 1146 657 in
1164 618 1235 678 psu-

130 699 204 777 legg.
217 694 332 773 mythol.
352 713 383 773 p.
396 696 563 755 rer-205
581 697 618 757 ab
636 694 882 755 Alexandrinorum
900 693 986 752 initiis
1003 710 1054 772 per
1070 695 1237 771 grammat.

128 810 224 851 norom
243 790 433 848 Romanorum
459 800 586 867 tempora
608 788 645 847 ad
665 807 714 848 eos
733 808 821 867 usquo
839 796 967 848 auctores
984 785 1158 864 perduoere,
1181 788 1238 865 qul

128 883 263 963 potissimi
279 879 316 939 da
334 899 370 940 eo
388 893 550 961 argumento
569 892 689 958 restant,
707 880 985 957 Pseudo-Hyginum
1003 888 1033 937 et
1050 880 1236 959 interpretem

128 978 292 1036 Arateornm
317 974 427 1035 Claudii
451 977 629 1037 Germanicis
652 975 718 1054 quin
744 992 782 1035 ne
806 975 843 1034 de
867 975 921 1034 illis
947 971 1058 1052 quidem
1081 972 1165 1041 liuius
1188 983 1236 1034 est

127 1068 183 1128 loni
200 1086 336 1148 quaerere
355 1072 401 1129 uel
420 1070 562 1150 disputare
581 1070 732 1151 uerbosius.
771 1068 816 1127 De
835 1067 946 1144 Hygino
963 1066 992 1125 iu
1011 1065 1234 1133 Eratosthenieis

127 1180 159 1241 p.
171 1164 229 1220 129
246 1180 309 1240 sqq.
336 1162 573 1240 aBernlrardyo,
599 1183 629 1222 u.
654 1163 703 1238 al,
723 1160 871 1219 iudicatum
890 1168 932 1218 est
949 1159 1115 1223 doctissina.
1152 1160 1234 1221 Cou-

128 1257 270 1330 iacturae,
289 1254 324 1314 C.
339 1255 400 1313 lulii
418 1256 520 1332 Hygini
538 1256 642 1333 scripta
660 1262 768 1314 retexta
787 1271 848 1312 essa
866 1269 883 1311 a
902 1252 1038 1329 sequioris
1054 1254 1120 1312 aeui
1137 1272 1233 1332 gram·

33 1413 37 1427 ¹
127 1349 248 1424 mulinis,
265 1347 386 1407 sortasse
404 1347 522 1423 accedit,
540 1367 596 1407 nou
617 1346 771 1407 detrahitur
789 1345 894 1425 aliquid
913 1345 1115 1423 probabilitatis
1132 1365 1168 1405 ex
1185 1347 1231 1405 in·

126 1451 213 1500 uento
230 1442 267 1500 ab
285 1442 357 1520 Aug.
375 1440 452 1499 Maio
469 1441 535 1500 satis
554 1440 695 1515 dissimili,
713 1441 765 1498 sub
784 1439 883 1498 eodem
902 1449 996 1497 tamen
1015 1440 1128 1499 uomina
1146 1438 1231 1499 tans

109 1546 111 1550 '
126 1533 215 1596 larum
234 1543 419 1612 syntagmate,
438 1535 519 1595 alass.
533 1543 608 1594 auct.
626 1552 644 1593 e
661 1531 743 1591 codd.
763 1533 829 1591 Vut.
849 1542 889 1591 to.
903 1535 934 1607 3,
952 1531 1012 1593 uid.
1030 1531 1124 1610 praei.
1140 1550 1172 1611 p.
1179 1550 1229 1604 rra

127 1643 198 1685 vrrs
222 1636 316 1686 tamen
340 1627 440 1685 mirum
465 1637 508 1685 est
532 1627 593 1686 fieri
618 1643 753 1704 nusquam
774 1625 877 1704 Hygini
900 1624 1032 1702 librorum
1050 1626 1234 1709 mentionem,

127 1718 204 1778 unde
227 1720 275 1778 illa
299 1719 548 1798 farragoloonfieri
573 1720 706 1798 potnerit.
755 1718 816 1778 Nisi
843 1717 918 1776 forta
939 1735 976 1776 ex
1005 1719 1233 1796 genealogiarum

126 1811 205 1870 libris
224 1830 295 1871 unus
313 1811 367 1875 snit
385 1813 422 1872 de
438 1812 548 1872 familiis
567 1811 711 1887 Troianis,
731 1811 789 1872 uid.
808 1816 914 1871 astron:
933 1820 1010 1890 poet.
1031 1829 1058 1873 e.
1070 1816 1161 1890 12:1³·
1172 1811 1240 1871 did

126 1903 219 1978 stan,
237 1905 322 1964 Seru.
341 1905 386 1964 ad·
397 1909 467 1967 Aen.
486 1907 516 1977 d,
529 1908 596 1965 389.
633 1906 678 1965 De
698 1903 851 1984 interprete
868 1904 955 1963 latino
974 1904 1052 1963 Arati
1069 1905 1176 1980 nescio,
1193 1922 1229 1966 uu

125 2015 210 2057 nemo
234 1998 327 2057 adlruc
350 2000 523 2077 iuquisiuerit
538 2008 661 2077 praeter
682 1999 828 2057 Danielem
854 1997 974 2057 Pareum
998 1997 1073 2058 Plril.
1092 1998 1125 2065 i„
1150 2000 1230 2061 arrius

84 2148 87 2156 ,
125 2090 300 2171 pereruditus
319 2093 532 2153 commentarius
558 2093 594 2151 ab
621 2092 705 2171 ipsius
729 2110 814 2150 manu
831 2092 950 2168 scriptus
968 2100 1097 2151 seruatur
1113 2092 1143 2150 in
1164 2092 1229 2157 titt

126 2202 187 2262 reg.
204 2184 301 2248 Bsrul.
319 2187 397 2253 iuter,
414 2205 480 2245 mss.
499 2187 581 2247 Diez.
600 2188 629 2246 4.
651 2191 716 2247 1³³.
763 2185 818 2243 llio
839 2183 936 2243 isidori
962 2184 1135 2262 Hispalensis
1161 2184 1235 2249 illud,
1268 2236 1272 2244 .

125 2278 290 2357 opusculum
305 2297 366 2338 esse
385 2281 501 2356 sensuit,
519 2290 636 2360 propter
652 2277 791 2339 scribendi
808 2295 896 2355 genus
912 2279 1101 2356 potissimums
1119 2275 1236 2356 dequo.

126 2366 241 2429 difficile
258 2379 303 2429 est
319 2371 460 2448 iudicare,
484 2392 548 2432 eum
566 2384 695 2451 apertum
713 2373 749 2431 sit
767 2370 886 2445 dldnm,
913 2371 961 2449 qui
979 2371 1084 2451 primus
1102 2369 1134 2429 id
1152 2389 1231 2432 uost-

126 2468 259 2537 marm,
278 2472 310 2520 ut
327 2463 376 2537 ait,
395 2482 482 2542 stupor
499 2467 530 2524 io
544 2465 645 2526 Sinilio
661 2458 893 2545 aspernamus
912 2466 987 2522 1⁴99
1005 2463 1096 2522 forma
1110 2465 1232 2525 maxims

127 2573 185 2614 nna
203 2573 267 2613 rum
288 2554 427 2630 Firmino,
444 2556 577 2633 Manilio,
596 2563 699 2634 Arato,
719 2558 778 2616 aliis
796 2557 899 2633 edidit,
919 2557 1007 2615 mrrltu
1025 2567 1160 2632 mutasse,
1178 2574 1233 2617 ex·-

127 2647 260 2729 pienisse‚
277 2646 424 2724 lenigaase.
462 2649 534 2707 Vtor
551 2651 624 2709 enim
643 2650 806 2730 apographo
821 2650 881 2709 eius'
899 2651 985 2709 libelli
1002 2658 1088 2729 prout
1105 2650 1231 2731 estatis

128 2739 226 2799 codice
239 2739 386 2800 Parr‘siensi
401 2741 466 2801 olim
481 2742 636 2819 Puteaneo,
655 2746 703 2824 qui
715 2744 817 2803 saeculi
833 2745 897 2803 noui
912 2743 1013 2803 dioitur
1025 2761 1087 2805 esse
1100 2743 1129 2801 in
1145 2742 1229 2807 mtul.

11 2878 14 2885 .
127 2834 195 2893 bibl.
214 2851 275 2912 reg·
294 2842 334 2894 to.
353 2840 372 2893 ³
391 2838 494 2913 portal
512 2855 541 2915 p.
552 2839 620 2908 42⁰,
641 2857 687 2898 uo.
698 2841 793 2897 7886:
811 2848 924 2923 praeter
942 2838 982 2895 ibi
1000 2824 1126 2895 indicata
1140 2837 1231 2897 oonti·

11 2928 17 2937 '
127 2935 176 2987 net
194 2927 278 2986 etiam
290 2927 367 2985 Arati
387 2937 417 2991 et
434 2929 494 2987 eius
508 2929 673 2990 scholiorum
688 2933 842 2992 uersiouem
861 2933 975 2991 latinam
992 2930 1087 3007 ignoto
1101 2939 1230 3005 maore,

126 3020 164 3081 de
183 3039 240 3100 qua
258 3038 290 3081 re
307 3021 437 3080 Heledus
461 3023 490 3082 in
516 3024 623 3102 sylloge
645 3042 712 3104 epp.
732 3027 763 3102 4,
782 3044 812 3104 p.
824 3025 900 3100 anu
926 3025 955 3083 in
974 3022 1032 3081 dna
1054 3021 1127 3100 disp.
1145 3020 1231 3088 Hun-

127 3114 202 3195 ekeri
217 3114 254 3173 de
270 3116 343 3195 Hyg.
361 3124 416 3175 aet.
434 3124 463 3174 et
480 3116 544 3176 stilo
562 3135 652 3177 sermo
671 3120 730 3178 eins
748 3120 822 3179 mule
839 3119 994 3179 intellectus
1009 3111 1150 3174 redditura
1168 3113 1231 3192 ipss

127 3208 202 3266 enim
219 3207 320 3266 codicis
339 3218 447 3286 partem
465 3210 586 3288 priorem
606 3211 786 3289 transcripsit.
823 3212 868 3272 Ex
886 3230 921 3272 eo
943 3209 1039 3271 codiee
1057 3227 1121 3267 oum
1139 3225 1237 3287 appa·¹

127 3309 190 3361 raat
207 3300 298 3358 istunc
314 3301 414 3362 librum
433 3304 513 3381 peius
530 3305 632 3376 etiarn,
656 3322 741 3384 quarn
760 3305 949 3383 Hyginianos,
972 3311 1104 3383 uexatum
1120 3318 1184 3361 mse
1199 3310 1232 3361 st

127 3394 252 3475 luxatum
271 3410 289 3451 a
306 3394 500 3458 semibarbaris
513 3395 678 3468 hominibus,
697 3399 789 3456 nescio
808 3408 917 3471 tamen,¹
929 3417 979 3457 eur
991 3388 1131 3455 Laotnutii
1147 3396 1230 3455 usti-

126 3487 251 3550 monium
268 3488 458 3564 spernendum
473 3491 522 3564 sit,
541 3491 588 3567 qui
608 3493 771 3566 1,11,64,
789 3510 846 3569 quo
864 3492 895 3553 iu
913 3491 975 3577 loco¹
994 3508 1086 3569 neque
1104 3491 1136 3549 iu
1152 3488 1230 3549 Bne·

128 3579 271 3654 nernuuni,
290 3596 382 3658 neque
400 3585 428 3641 iu
441 3579 559 3660 Spar-lii
573 3583 694 3649 editione
709 3585 857 3662 quicquum
869 3583 998 3643 diuersae
1011 3583 1167 3661 scripturae
1177 3600 1232 3643 au·

128 3682 253 3748 notatur,
277 3672 425 3737 Gaesarem
441 3679 472 3737 io
489 3675 581 3738 Arato
599 3695 662 3758 reus¹
678 3677 788 3736 tradere
805 3677 883 3753 disis,
906 3694 979 3756 quae
998 3675 1075 3754 apud
1091 3678 1233 3754 intmpse·

127 3777 200 3836 tem,
226 3767 276 3845 qul
296 3777 431 3844 uocatur,
449 3768 609 3829 Germanioi
634 3769 717 3829 hodie
742 3779 828 3832 extat.
866 3770 954 3828 Nouit
979 3788 1047 3846 ergo
1067 3770 1233 3831 Lactantius

127 3857 206 3920 lianc
219 3861 410 3939 interpretem,
430 3879 482 3922 noo
496 3861 635 3923 diuersum
656 3865 692 3923 ab
709 3865 770 3941 ipso
785 3865 953 3929 Germanico
967 3863 1133 3922 existimauit
1151 3880 1231 3925 esses

126 3970 180 4012 neu
198 3953 282 4012 eredo
301 3953 365 4012 lruie
383 3956 537 4014 sententiae
554 3959 702 4039 quiequam
721 3960 841 4021 obstare.
858 4012 861 4020 .
876 3957 984 4032 Potuit,
1003 3957 1056 4015 nisi
1072 3956 1169 4028 fallor,
1186 3956 1237 4023 iun,

126 4045 211 4107 uenili
229 4055 321 4110 aetate
339 4064 402 4107 oum
428 4051 624 4126 grammaticae
649 4068 763 4130 operam
787 4051 867 4115 daret
884 4041 1116 4111 Germanicus'et
1133 4049 1236 4127 ligato,

126 4149 156 4200 et
180 4138 273 4200 soluta
298 4141 423 4205 oratione
448 4144 563 4205 Aratum
589 4145 782 4229 interpretari,
808 4143 1032 4228 quauddquldern
1057 4152 1170 4205 onustat
1195 4161 1234 4210 tx
