2550 4574
10 190 15 415 ι
532 276 685 327 tttcnttms
935 299 937 306 ·
1046 285 1150 338 ccxnt

44 447 102 491 uon
127 435 223 501 tamen
249 428 337 488 ausim
362 447 425 487 cum
450 415 737 510 Clauseniop.116li
762 431 850 509 ipsam
870 432 989 494 Dianam
1007 433 1146 499 Aricinam

10 514 14 523 ’
43 541 95 602 pro
114 520 226 581 inferno
245 523 357 582 nurnine
375 521 495 599 balrere,
514 524 580 601 quia
598 541 735 603 nusquam
756 524 875 583 traditur
892 536 941 586 aut
959 527 995 586 ab
1014 529 1077 606 illa,
1093 538 1145 591 aot

44 617 79 675 ab
97 615 203 693 Egeria
227 615 341 690 (Claus.
360 634 391 694 p.
406 616 484 689 966)
505 619 686 696 Hippolytum
713 606 878 677 restitutum.
916 620 940 678 Δ
959 623 1144 698 grammaticis

43 708 255 768 Hermionensia
273 727 355 766 sacra
373 727 436 766 cum
453 710 568 769 Aricinis
586 717 750 787 comparata
767 709 852 771 fuisse
871 713 983 773 uidetur
1000 713 1066 771 mihi
1084 714 1143 775 cols

41 801 86 879 ligi
110 801 233 860 fortasse
255 821 338 880 posse
356 821 392 862 ex
409 821 461 874 eo,
487 802 563 880 quod
582 803 711 881 Virgilius
736 792 807 864 teste
825 805 926 865 Seruio
945 813 1016 867 Aen.
1033 810 1066 884 6,
1085 809 1153 867 136·

12 934 15 939 -
41 895 76 956 de
93 914 176 954 ramo
200 914 286 955 aureo
305 898 460 964 Tartarum
485 895 646 975 recludente
671 897 792 955 colorem
812 906 953 959 mutuatus
971 909 1016 960 est
1033 920 1069 960 ex
1086 901 1142 961 ritu
1248 898 1250 905 ’

40 988 197 1049 liciniorum
216 988 285 1065 asyli
303 989 417 1065 Aricini,
436 997 466 1048 et
484 987 561 1068 quod
580 987 698 1049 Ouidius
712 991 742 1064 6,
753 989 810 1048 761
830 989 1024 1053 Hermionensi
1042 995 1140 1054 Pluto·

10 1138 11 1147 ,
41 1083 80 1142 nis
100 1082 293 1161 appellatione
318 1101 384 1141 usus
408 1090 470 1158 est,
497 1080 732 1160 quemadmodum
751 1103 779 1142 6.
789 1084 847 1141 749
865 1086 1021 1158 1116166666
1037 1107 1140 1148 66666

41 1186 81 1235 est
97 1175 209 1235 Dianae
224 1175 377 1250 Cretensis,
395 1176 520 1235 Pausan.
534 1181 565 1261 2,
575 1181 625 1252 30,
636 1183 666 1252 3,
686 1176 761 1236 unde
779 1177 958 1254 explicandus
975 1189 1139 1259 6661666-
1197 1234 1199 1240 ,

40 1277 105 1330 tam.
125 1269 177 1344 1⁵,
194 1269 264 1344 640,
279 1279 313 1345 ι66
331 1271 488 1341 Tauricae,
507 1287 581 1348 quae
598 1269 694 1328 delata
713 1269 880 1329 credebatur
900 1273 937 1328 ab
956 1271 1058 1333 Oreste
1075 1274 1139 1332 Ari·

39 1363 126 1438 6166,
146 1359 205 1422 616.
224 1360 307 1421 Seru.
326 1366 357 1439 2,
378 1368 444 1424 116.
482 1363 622 1422 Fabulam
640 1363 786 1442 Hippolyti
811 1363 933 1424 delatam
953 1383 1015 1424 esse
1032 1366 1061 1424 in
1078 1366 1137 1425 lta·
1194 1427 1196 1433 .

36 1457 102 1515 liam
121 1473 141 1515 a
161 1456 339 1530 Troezeniis,
364 1457 494 1536 quicum
514 1449 632 1515 Achaeis
655 1456 795 1532 Sybarin,
822 1477 899 1535 mox¹
912 1460 949 1518 ab
969 1459 1011 1517 bis
1029 1459 1137 1536 expulsi
1160 1504 1166 1527 ,

36 1548 164 1625 (Aristot.
176 1548 257 1626 polit.
277 1548 309 1624 6,
319 1548 353 1619 2)
371 1548 503 1610 Paestum
522 1547 707 1625 condiderint,
725 1550 800 1630 quod
819 1552 975 1631 proximum
993 1561 1037 1610 est
1054 1551 1136 1612 Nea-

33 1643 105 1722 poli¹
122 1641 247 1701 coloniae
265 1643 474 1719 Cumanorum,
499 1642 736 1721 docteexposuit
755 1644 920 1703 Clausenius
938 1664 969 1723 p.
983 1650 1059 1706 1166
1070 1664 1132 1726 sqq.

33 1736 122 1807 Quod
151 1735 186 1796 66
212 1738 307 1814 lingua
331 1735 408 1797 Osca
432 1737 664 1813 commemoraui,
694 1736 884 1814 quaerendum
910 1740 971 1814 est,
1002 1757 1068 1797 num
1098 1757 1151 1800 ex·
1209 1781 1211 1791 ·

32 1827 189 1909 Hippolyto
214 1828 325 1890 Virbius
355 1829 478 1891 euadere
502 1831 643 1912 potuerit,
671 1829 907 1910 quemadmodum
931 1849 967 1893 ex
992 1832 1134 1912 Hipponio
1253 1883 1254 1886 ,

31 1924 101 1983 urbe
119 1923 206 1982 Vibo.

106 2016 282 2078 Vediouis
299 2020 393 2079 multis
410 2019 500 2081 modis
516 2019 587 2081 deus
605 2028 650 2082 est
667 2020 800 2095 incertus.
837 2018 963 2080 Nominis
981 2021 1070 2082 altera
1088 2028 1133 2082 est
1189 2024 1191 2033 '

30 2111 179 2190 originatio
198 2130 273 2192 quae
296 2114 425 2194 proditur
443 2133 461 2174 6
480 2116 573 2174 Gellio
591 2116 623 2189 6,
643 2121 697 2187 12,
720 2131 773 2172 666
798 2111 918 2173 fortasse
936 2111 1008 2173 adeo
1027 2124 1071 2175 est
1088 2117 1133 2174 in·

30 2206 116 2280 scita;
134 2205 233 2265 nititur
250 2216 326 2266 certe
346 2207 468 2286 quadam
488 2208 533 2266 dei
552 2208 724 2287 proprietate
741 2208 889 2285 separatim
904 2206 1036 2269 notanda.
1068 2209 1133 2270 Sci·

30 2318 92 2357 runs
117 2317 154 2357 ex
171 2299 315 2360 Macrobio
340 2311 394 2360 sat.
415 2308 445 2376 3,
464 2304 484 2359 9
503 2300 658 2360 Vediouem
682 2300 806 2360 inuocari
829 2300 941 2360 solitum
967 2303 995 2359 iu
1020 2303 1130 2363 urbium

30 2391 225 2452 deuotionibus
244 2413 301 2453 666
320 2414 383 2453 666
396 2395 461 2453 Dite
479 2403 561 2473 patre
580 2405 610 2453 et
625 2394 771 2452 Manibusr
789 2393 948 2454 obseruauit
965 2395 1130 2456 Clausenius

28 2505 58 2564 p.
70 2487 149 2542 1089
163 2504 353 2564 cupresseum,
373 2507 409 2546 ex
424 2487 554 2548 funestae
568 2488 674 2546 arboris
689 2488 775 2565 ligno,
793 2487 970 2546 simulacrum
982 2489 1040 2548 eius
1053 2509 1130 2549 com-
1257 2551 1260 2561 ,

28 2579 175 2638 memorari
195 2596 213 2637 6
231 2577 321 2640 Plinio
341 2582 404 2640 loco
428 2600 514 2659 supro
532 2600 562 2659 p.
577 2597 712 2655 cxxrnrt
731 2580 885 2658 exscriptor
910 2589 1051 2658 postremo
1075 2602 1129 2661 pro

28 2673 87 2751 ipro
105 2672 230 2732 Plutone
253 2673 372 2752 babetur
396 2675 571 2734 aMartiano
593 2673 711 2752 Capella
730 2678 759 2744 2,
779 2675 808 2733 9.
846 2673 945 2733 Dirum
970 2675 1029 2735 eius
1052 2675 1129 2737 modi
1232 2701 1233 2705 ¹

29 2784 131 2826 numen
162 2764 239 2844 apud
264 2767 397 2828 Etruscos
423 2768 495 2828 tradi
520 2767 616 2827 docuit
639 2767 791 2836 Muellerus
809 2767 871 2828 Etr.
891 2773 922 2842 2,
946 2788 977 2847 p.
994 2770 1127 2844 59,131.

28 2859 77 2917 1116
95 2878 162 2917 666
180 2859 270 2919 multo
288 2863 377 2920 maior
400 2861 574 2921 necessitudo
598 2879 661 2918 cum
680 2861 790 2921 Sabinis
809 2862 918 2937 fuerit,
937 2871 1071 2939 quantum
1090 2863 1128 2922 66

29 2951 146 3014 deorum
165 2954 271 3011 cultum
290 2956 400 3029 attinet,
419 2973 586 3032 quamcum
604 2953 721 3029 Latinis,
740 2954 873 3021 absonum
893 2974 949 3012 nou
967 2954 1042 3014 foret
1059 2975 1127 3013 con·

28 3048 132 3106 iactare
151 3045 188 3105 de
205 3046 311 3105 Sabino
331 3047 463 3107 Vadiouis
482 3049 605 3122 numine,
625 3045 682 3105 uid.
701 3047 784 3105 Varr.
803 3045 839 3104 de
858 3046 877 3105 l.
896 3040 916 3106 Ι.
936 3048 965 3123 6,
981 3051 1031 3122 74,
1050 3047 1127 3126 quod
1188 3072 1193 3079 ·

28 3140 56 3199 in
73 3138 289 3216 indigitamentis
306 3143 437 3201 extiterit.
475 3142 535 3202 Fac
553 3142 589 3199 ab
607 3140 649 3199 bis
667 3145 763 3203 16666
781 3138 896 3216 dictum,
914 3137 990 3217 quod
1008 3141 1127 3199 traditur
1166 3175 1169 3180 .

27 3233 102 3311 apud
121 3233 207 3292 Varo.
221 3232 258 3291 66
271 3233 292 3292 l.
305 3232 325 3290 l.
338 3234 368 3308 6,
381 3236 421 3291 67
438 3243 468 3292 et
486 3234 562 3301 Gell.
581 3234 601 3291 1.
614 3231 649 3307 1.,
666 3233 732 3310 quia
749 3232 877 3303 iuuaret,
899 3243 1052 3310 potuerunt
1070 3250 1134 3313 66ιρ

28 3325 144 3385 deornm
158 3326 251 3384 colere
263 3326 357 3384 louem
369 3327 515 3402 Veiouem,
536 3322 567 3385 u't
579 3316 702 3386 Altorem
716 3325 865 3399 Rusonem,
878 3325 1031 3388 Porrimam
1041 3326 1124 3400 Post·

28 3428 153 3495 66666,
170 3436 245 3497 quae
263 3420 389 3496 nomina,
407 3429 439 3478 ut
457 3421 592 3499 pleraque
609 3418 777 3478 Sabinorum
799 3418 958 3495 numinum,
974 3419 1136 3498 66166666·ἢ

28 3531 88 3572 66
106 3514 166 3574 uim
187 3512 306 3572 babent:
328 3532 421 3592 neque
435 3513 472 3570 ad
486 3512 559 3588 aliud
580 3512 777 3571 uocabulorum
796 3530 882 3588 genus
901 3531 935 3573 tta
952 3513 1059 3589 syllaba
1077 3531 1126 3571 ac·

28 3606 128 3668 eadere
145 3592 249 3686 potuit.
278 3607 372 3665 Altera
391 3608 507 3664 nominis
521 3605 668 3684 explicatio
682 3612 726 3663 est
739 3603 814 3683 apud
828 3603 959 3664 Ouidium
973 3612 1003 3681 3,
1012 3605 1069 3663 446
1079 3624 1123 3682 sq.

28 3708 158 3779 atquem
177 3698 297 3759 indicaui
316 3719 402 3778 supra
421 3720 451 3778 p.
464 3717 566 3773 xc1x,
587 3700 735 3756 coniuncta
754 3716 788 3757 66
808 3718 869 3757 666
888 3697 984 3758 fabula
1002 3696 1125 3756 661666

28 3792 143 3865 iuuene,
164 3790 223 3850 06.
243 3795 353 3867 mlii,
371 3811 454 3872 quam
474 3792 564 3850 adeo
583 3792 700 3850 terribili
717 3809 777 3851 esse
796 3793 932 3865 alienam,
949 3791 1037 3866 ratio,
1056 3789 1126 3849 satis

27 3894 164 3944 ueaotam
185 3901 247 3944 esse
264 3888 340 3944 numi
359 3905 377 3944 a
396 3887 544 3945 Clausenio
563 3903 628 3944 aun.
642 3888 722 3944 2182
736 3893 765 3944 et
779 3890 858 3947 2172
876 3886 997 3956 indicati,
1017 3883 1125 3961 aFog·

31 3977 100 4053 ginis
117 3997 150 4057 p.
165 3981 205 4036 36
223 3980 324 4057 partim
344 3979 477 4053 exhibiti,
504 3978 618 4054 originis
641 3997 703 4039 esse
723 3979 841 4039 Latinae
864 3981 923 4039 siue
941 3979 1065 4037 Albanae
1081 3977 1125 4037 in·

34 4071 139 4150 ttriptio
158 4068 250 4132 orell.
271 4075 365 4148 1287,
388 4072 440 4131 cir.
460 4071 593 4131 Clausen.
611 4092 643 4151 p.
656 4074 750 4149 1086,
778 4082 838 4131 tum
860 4073 922 4151 ipsa
944 4074 1127 4138 eiusnatura

38 4160 120 4228 66661.
158 4164 304 4228 Coaluisse
323 4174 471 4246 utrumque
489 4166 608 4228 numinis
627 4165 730 4229 cultum
749 4167 857 4228 Romae
875 4184 938 4226 666
956 4164 1062 4245 templa
1076 4162 1125 4221 illa

10 4454 24 4533 l
