2550 4574
136 276 200 322 cxl.
518 273 562 319 DF
583 272 728 319 seeleva-
744 272 855 320 icll18

212 424 304 486 Aedes
320 424 444 487 listris
457 422 621 485 hiato'tae
638 432 668 484 et
685 423 872 485 Fortunae
889 429 1038 503 postquam
1055 421 1230 483 1111d.1uo.

138 520 270 581 aseruio
284 518 380 577 Tullio
397 527 574 579 conseoratae
590 525 667 593 sont,
684 516 811 578 Matutae
829 517 912 579 aedes
929 518 1048 596 pomum
1064 516 1170 576 refecta
1187 525 1232 576 est

126 608 210 673 'auno
228 612 265 670 V.
285 612 319 671 C.
338 610 395 670 3511
413 629 432 670 s
448 610 490 669 hl.
503 612 592 671 Furio
609 611 739 686 Camillo,
757 610 822 671 Liu.
840 610 872 688 5,
886 614 925 677 19
938 614 1034 685 1423,
1053 610 1130 671 Plut.
1149 610 1230 669 Cam.

136 708 168 766 o.
204 703 326 764 Posthac
351 704 420 782 quia
444 703 552 761 uicinae
575 702 661 762 luisse
685 700 816 764 uidentur
838 705 867 763 iu
891 703 954 763 foro
981 703 1093 779 Mario,
1118 701 1156 761 de
1173 721 1232 781 quo

136 800 279 877 utriusque
296 797 358 856 loco
376 816 432 855 uon
457 797 535 855 lubet
553 796 683 854 italorum
709 797 880 857 remeaturos
900 812 1070 874 recoquere,
1095 813 1170 875 qnae
1194 812 1232 855 ue

135 908 309 969 concoquere
327 888 438 969 quidem
463 889 569 968 possis,
597 889 793 949 uicissitudioes
811 887 945 966 quasdam
970 888 1050 947 siaul
1076 890 1231 949 subierunt.

135 986 269 1045 Διιιιιιιιι
286 983 358 1042 euim
376 1000 450 1041 auno
469 982 506 1042 V.
521 983 556 1042 C.
570 982 639 1059 541,
657 984 720 1044 liu.
734 984 785 1059 24,
798 984 849 1057 47,
867 980 905 1041 ds
922 1000 980 1060 quo
997 981 1125 1041 incendio
1142 978 1230 1040 Ouid.

135 1096 211 1139 uera
222 1076 279 1136 625
298 1086 327 1135 et
344 1066 506 1135 Dionllsl.
521 1079 552 1151 4,
565 1078 620 1153 40,
638 1077 688 1136 sed
707 1077 812 1136 restitui
830 1085 981 1155 coeperunt
1000 1076 1127 1154 proximo
1144 1091 1230 1148 auno,

134 1170 199 1231 ltu.
218 1170 269 1244 25,
287 1171 315 1228 7.
355 1170 517 1229 Foruioibus
535 1179 655 1248 utraque
676 1180 775 1230 oruata
799 1176 842 1227 est
860 1184 935 1251 aupo
954 1168 989 1227 V.
1008 1168 1043 1227 C.
1063 1167 1138 1243 558,
1163 1166 1231 1225 Liu.

135 1266 184 1333 33,
197 1265 245 1321 27.
278 1262 342 1320 Non
362 1272 489 1321 arserunt
506 1280 569 1329 cum
589 1261 682 1321 sorum
700 1263 825 1321 boarium
844 1260 1028 1339 conflagraret
1045 1279 1121 1320 anuo
1139 1258 1176 1317 V.
1192 1258 1229 1317 C.

135 1356 210 1428 560,
229 1354 292 1412 Liu.
311 1354 361 1429 35,
379 1358 428 1413 40.
468 1354 618 1414 Praeterea
638 1355 673 1415 de
691 1356 762 1415 aede
779 1356 905 1414 Matutae
924 1354 990 1413 nihil
1010 1354 1151 1433 proditur,
1175 1350 1230 1409 nisi

134 1446 211 1525 quod
229 1447 324 1505 Liuius
343 1450 392 1523 41,
405 1451 445 1507 28
463 1448 500 1507 de
518 1466 591 1507 euno
610 1449 646 1508 V.
658 1449 694 1509 C.
707 1448 776 1524 578,
795 1455 824 1506 et
841 1464 915 1526 quae
932 1448 999 1507 Maii
1016 1449 1134 1527 inte-pp.
1147 1445 1227 1521 Varg.

135 1538 173 1599 ad
192 1558 237 1617 ge.
258 1545 318 1614 3,]
338 1550 470 1618 corrupta
489 1541 608 1601 habenta
628 1583 637 1602 .
657 1582 666 1602 .
688 1580 697 1600 .
716 1545 852 1613 Mowto,
876 1543 956 1601 osias
977 1541 1108 1621 umphsss
1123 1536 1230 1599 Atilius

134 1632 273 1693 mom
288 1635 380 1705 noodr
404 1634 528 1711 intellige
553 1636 594 1695 ld.
613 1634 726 1695 antium
743 1634 883 1712 Regulum
907 1643 1084 1713 praetorem,
1109 1632 1147 1692 de
1172 1649 1230 1710 quo

133 1722 198 1787 liu.
211 1728 261 1801 24,
271 1727 310 1782 44
322 1737 352 1785 et
364 1726 414 1802 25,
423 1732 451 1786 3.
491 1728 634 1787 Fortunae
651 1737 745 1786 numm
762 1726 861 1785 aedem
879 1726 1050 1805 superfuisse
1067 1724 1161 1787 Ouidii
1179 1742 1229 1784 se·

135 1829 196 1890 tate
213 1824 330 1879 testatur
347 1820 494 1896 Dionysius
515 1817 577 1878 Hal.
596 1820 660 1879 loco
678 1820 807 1879 indicato.
841 1821 969 1879 Statuam
986 1819 1101 1879 durasse
1119 1818 1158 1877 ad
1174 1817 1229 1877 Se·

134 1914 191 1972 iani
209 1915 323 1988 exitum,
341 1912 389 1990 qui
407 1930 470 1971 eam
488 1911 565 1971 domi
582 1932 649 1972 snae
667 1912 775 1990 habuit,
793 1913 907 1973 tradunt
923 1912 1027 1974 Plinius
1044 1922 1103 1972 ust.
1118 1912 1228 1986 aaa&

133 2008 184 2083 43,
203 2005 416 2080 §197etDio
435 2006 513 2064 Cass.
532 2006 582 2081 58,
602 2009 631 2065 7.
669 2006 736 2075 Quo
760 1998 848 2086 magis
874 2007 958 2065 miror
982 2007 1079 2065 ‹loctoe
1103 2003 1229 2062 homines

134 2099 192 2159 cios
206 2100 351 2159 Fortunae
365 2118 517 2176 cognomen
531 2096 642 2178 aliquod
657 2096 815 2160 coniectura
829 2101 881 2159 sibi
897 2098 1093 2173 inueniendum
1103 2104 1228 2176 putasse,

135 2192 210 2272 quod
229 2194 253 2251 si
271 2193 426 2269 habuisset,
453 2194 500 2253 uix
524 2195 723 2271 ignoraremus.
760 2193 868 2253 Βοιιιιιιι
886 2194 1041 2253 Fortunam
1057 2190 1229 2271 sppdlatam

133 2288 222 2346 uoluit
240 2288 427 2362 Burmannus,
447 2288 529 2347 aliter
545 2288 605 2365 alii,
624 2288 759 2366 Neapolis
777 2297 807 2347 et
825 2286 993 2366 topographi
1009 2287 1136 2359 Virilem,
1154 2284 1229 2343 ciue

134 2398 191 2459 que
209 2380 345 2456 opinionis
369 2390 560 2457 sagrimentum
585 2383 720 2458 petebant
742 2370 778 2440 car
795 2380 928 2440 Varronis
952 2380 1043 2441 uerbis
1061 2377 1098 2437 dc
1116 2378 1174 2435 uita
1191 2374 1229 2435 P.

134 2475 184 2546 R,
204 2491 222 2530 a
239 2473 327 2530 Plinio
345 2473 408 2531 loco
426 2471 484 2529 iud.
504 2476 596 2546 §194
615 2475 757 2549 adhibitis,
782 2475 898 2535 seruatis
917 2474 994 2552 apud
1011 2472 1133 2532 Nonium
1154 2489 1180 2529 s.
1199 2488 1229 2527 u.

138 2565 323 2640 Vadololoas,
349 2583 422 2641 quae
440 2564 476 2621 de
494 2575 586 2623 statua
606 2568 658 2625 ista
677 2568 815 2626 Seruiana
832 2578 928 2645 agunt.
967 2567 1010 2625 Ab
1028 2583 1063 2625 ea
1080 2581 1113 2623 re
1130 2561 1229 2621 admo·

133 2676 214 2732 neor,
234 2667 264 2714 nt
278 2675 350 2734 quae
365 2656 400 2715 de
413 2657 539 2715 Fortuna
554 2658 631 2715 Virili
645 2658 716 2717 salsa
732 2660 973 2734 circumferuntur,
991 2666 1131 2717 annotem.
1157 2655 1226 2715 Ilius

133 2750 277 2827 templum,
297 2748 371 2825 qood
390 2767 480 2828 prope
497 2748 629 2807 Lautolas
647 2750 742 2827 fuerit,
762 2753 798 2810 ab
817 2752 919 2812 Ouidio
937 2752 1050 2811 indicari
1068 2752 1098 2825 4,
1112 2748 1169 2807 145
1181 2768 1226 2827 sq.

134 2843 225 2905 adhuc
252 2843 382 2901 creditor.
426 2842 515 2912 Quasi
542 2859 598 2899 uon
626 2843 787 2922 iampridem
806 2846 957 2924 Foggioius
974 2865 1005 2924 p.
1019 2848 1056 2903 41
1083 2860 1118 2901 ex
1137 2842 1228 2901 Verrii

132 2938 228 2999 Flacci
246 2936 337 2995 uerbis
355 2936 479 2995 docuerit
495 2935 532 2994 de
551 2935 655 2994 balneis
672 2938 814 3015 quibusois
832 2948 945 3017 poetam
964 2937 1054 3016 loqui:
1072 2934 1148 3014 qnod
1166 2944 1227 2993 turn

132 3032 252 3110 denique
275 3030 374 3088 mirum
400 3049 457 3088 nou
481 3030 553 3104 erit,
578 3029 602 3087 si
626 3030 794 3109 intelligetur
816 3033 950 3111 templum
973 3031 1115 3090 Fortunae
1132 3028 1228 3089 Virilis

131 3126 239 3185 nullom
264 3142 385 3201 uuquam
404 3123 500 3181 luisse.
539 3122 624 3194 Quod
649 3124 685 3183 ab
705 3125 781 3183 duco
797 3124 900 3184 Mando
917 3122 1082 3181 Plutarchus
1099 3121 1136 3181 de
1160 3121 1227 3183 furt.

131 3217 189 3279 Ro.
204 3235 229 3274 c.
240 3216 259 3273 5
272 3227 301 3274 et
315 3222 352 3275 10
365 3210 521 3296 Ἀνδρείας
537 3206 643 3293 Τύχης
660 3216 766 3275 iactum
779 3216 855 3293 dicit,
874 3216 903 3275 id
921 3216 1049 3276 dubitare
1066 3209 1122 3274 nou
1141 3233 1229 3293 opor·

131 3311 209 3369 tabat
228 3310 455 3385 Wyttenbachius
480 3310 620 3370 animadu.
638 3329 668 3388 p.
685 3313 740 3387 98,
765 3310 833 3386 quin
857 3327 999 3388 peraeque
1022 3318 1140 3386 utroque
1163 3307 1227 3366 loco

129 3401 337 3480 intelligendum
355 3415 429 3463 esset
446 3405 482 3463 de
495 3406 583 3463 Forte
593 3406 618 3463 F
618 3416 734 3463 ortuuar
753 3400 829 3461 uude
842 3402 915 3460 euim
928 3401 999 3459 scire
1011 3401 1146 3479 potuisset
1157 3398 1225 3457 Plu·

129 3496 254 3571 tsrchus,
274 3513 339 3553 uum
353 3495 506 3554 Fortunam
523 3498 583 3555 siue
601 3497 764 3574 cognomina
781 3495 828 3554 ille
845 3512 896 3553 rex
914 3511 933 3552 a
950 3493 1111 3553 fortitudine
1123 3491 1227 3552 dictam

128 3584 291 3669 putauerit?
324 3587 485 3663 Dionysium
509 3591 540 3665 4,
560 3592 599 3647 27
626 3591 725 3649 eodem
750 3588 834 3647 modo
859 3606 966 3647 arasse
993 3586 1031 3646 de
1056 3586 1227 3646 nominatiuo

129 3702 196 3743 casu
213 3683 309 3743 Fortis
326 3682 468 3740 Fortunas
487 3682 662 3741 manifestum
688 3692 730 3741 est
754 3700 789 3740 ex
813 3682 899 3760 ipsius
921 3682 977 3740 loci
993 3698 1083 3760 prope
1101 3679 1228 3740 Tiberim

128 3776 347 3854 significatione,
373 3774 448 3853 qood
472 3775 565 3834 fraudi
589 3776 644 3835 fuit
665 3774 818 3835 Niehuhrio
843 3775 907 3835 hist.
926 3775 982 3833 Ro.
1000 3780 1033 3850 2,
1051 3795 1081 3853 p.
1093 3775 1169 3849 116,
1193 3780 1228 3831 ut

127 3870 298 3931 Bouscuium
318 3874 348 3944 3,
363 3874 393 3942 l,
411 3887 440 3947 p.
451 3872 508 3928 343
527 3878 557 3928 et
575 3870 644 3929 alios
669 3879 786 3928 taccam.
823 3867 882 3929 seu
908 3868 992 3927 ruodo
1016 3866 1098 3926 uideo
1116 3864 1227 3923 Buuse·

126 3966 203 4023 nium
221 3965 249 4020 iu
263 3960 397 4020 addendis
409 3979 439 4037 p.
452 3962 508 4027 665
527 3962 691 4021 intellexisse
706 3980 828 4022 errorem
840 3970 870 4022 et
883 3962 944 4039 ipsa
957 3971 1051 4021 nostra
1063 3975 1226 4036 occupasse.

126 4057 161 4117 si
179 4056 241 4135 quis
260 4066 301 4114 ost
320 4055 367 4132 qui
385 4055 506 4113 animum
525 4053 656 4126 iuducet,
675 4075 720 4115 rue
739 4057 942 4136 ingeniosorum
961 4055 1103 4115 homiuum
1120 4052 1226 4131 scripte

127 4150 301 4230 compilasse,
320 4147 412 4209 licebit
428 4147 539 4209 fruatur
557 4155 609 4210 su'o
627 4150 766 4228 opinione.
