2550 4574
463 199 466 209 ⁴
529 232 686 301 manuus
1031 274 1035 283 =
1081 253 1163 321 ccxr

10 351 12 361 Ι
56 401 199 478 sat.1,7,
217 406 247 460 et
264 402 419 461 Posisortu
435 400 475 461 ita
492 414 626 482 acceptae
643 409 721 477 sunt,
739 401 780 461 uti
797 400 865 481 legis
879 401 959 482 apud
977 401 1113 481 Ouidium
1128 412 1161 487 1,

10 914 15 1131 r

56 498 160 556 6³³-
170 496 246 578 636,
272 493 325 555 cfr.
346 494 606 559 Charisinm,lib.2
624 495 874 576 p.190,191i'.,
900 495 1072 561 Macrobium
1089 501 1111 567 l.
1127 502 1161 581 i..

56 590 136 663 cuius
155 588 263 650 nerbas
288 590 362 657 aium
378 589 538 659 Maturus
554 597 582 651 ai
599 595 752 651 Posluorlu
771 589 931 671 &cimbalis
949 591 1052 663 salua
1068 597 1161 674 aptis·

56 687 147 747 stam
168 683 280 747 comitas
297 681 375 761 opud
392 687 552 751 Romanos-
567 682 695 752 coleretur
717 683 841 745 fortassis
865 703 904 745 na
927 684 964 745 ad
982 685 1161 748 Carmentam
1186 726 1189 733 ·

56 778 174 856 quidem
196 784 338 856 spectante
364 766 655 854 ueterem‘irnaginem
679 779 708 837 iu
727 776 836 838 schedis
854 777 944 857 Pighii
961 778 1071 851 ineditis
1091 781 1159 853 bibl.

54 870 153 933 Rorol.
173 871 213 928 ita
238 870 550 955 inueniudascriptamr
577 864 648 945 iulos
666 872 791 933 uidentur
808 877 918 947 Roman
934 889 1020 951 propa
1037 873 1161 935 alamus

55 964 202 1042 Aprippue
219 970 285 1022 aule
301 962 398 1029 uolam
416 967 454 1023 D.
474 966 593 1041 Murius
615 967 645 1023 irs
663 969 834 1025 Muraroao
858 967 889 1024 iu
913 982 986 1049 arou
1002 966 1160 1046 ¹sepulcrali

55 1076 213 1129 morsu
223 1056 363 1134 scalmos
388 1059 418 1115 iu
443 1055 566 1135 historio¹
584 1056 680 1138 iurlioii
702 1058 835 1137 Paridis,
847 1101 849 1105 ψ
861 1057 909 1118 ubi
925 1062 1023 1139 inuam
1039 1060 1161 1121 amam

57 1153 127 1211 istst·
145 1149 322 1225 busco-(lucta
340 1153 570 1211 camentorum
592 1153 755 1235 Germanico
773 1154 883 1212 maritas
899 1151 1160 1233 ueduatamoaraars
1211 1218 1213 1223 ,

55 1232 133 1319 licat,
160 1263 220 1304 sou
236 1263 315 1329 scats
335 1263 369 1304 oc
394 1247 423 1303 io
448 1232 536 1318 fumis
552 1246 643 1329 Eidem
660 1250 768 1327 matus
785 1249 850 1306 loci
867 1245 1043 1329 annullamus
1059 1263 1160 1306 socrus
1243 1258 1246 1265 '

54 1341 126 1411 ister
144 1346 264 1415 utruque
286 1338 475 1413 (sarmatario
500 1359 588 1418 usqua
608 1340 714 1415 (lurum
733 1339 869 1399 lauritio
887 1341 1037 1409 comisiam
1053 1357 1161 1417 ropro-

54 1436 167 1493 aaimus.
205 1420 285 1491 Num
302 1431 408 1509 altaro,
428 1452 498 1510 quus
516 1436 650 1499 Porrima
667 1432 712 1492 ascl
729 1436 840 1510 Proto,
864 1439 927 1507 totu
944 1439 1056 1512 procur
1073 1426 1169 1513 caput

55 1527 150 1604 pollam
166 1525 295 1586 istuolulu
313 1525 412 1589 daubo
434 1527 523 1586 nubilo
549 1526 696 1602 truamur,
722 1533 807 1604 rapui
824 1525 876 1586 sub
894 1533 985 1611 maula
1002 1544 1089 1586 muna
1106 1546 1160 1588 stt·

52 1627 192 1691 muttum,
209 1618 371 1679 meditantis
386 1628 476 1696 pastu,
493 1625 590 1687 Iouam
606 1625 699 1699 ipsum
715 1623 837 1691 laturam
857 1618 948 1679 olloru
962 1637 1030 1691 uara
1043 1640 1064 1680 u
1078 1627 1157 1699 larua

54 1715 138 1775 louis
156 1731 255 1772 samso
273 1716 368 1791 copula¹
382 1732 457 1790 paru
475 1712 573 1774 daubo
597 1721 657 1773 stul
680 1716 783 1773 iunium
801 1711 905 1785 cubito,
932 1731 990 1774 uuo
1010 1721 1044 1773 ul
1066 1715 1158 1777 alteru

55 1809 169 1868 omnam
187 1804 325 1877 totototo,
343 1806 392 1865 secl
407 1805 552 1865 scotlando
565 1840 619 1865 -.
635 1794 669 1864 'A
685 1807 810 1866 Varrone
829 1824 897 1865 uero
916 1807 1004 1866 istanc
1020 1808 1159 1889 interpre-

51 1902 193 1969 tationem
212 1898 248 1957 ad
267 1884 358 1958 cultus
377 1901 475 1976 ciniis,
494 1900 606 1979 dequo
625 1919 711 1983 supra
730 1920 760 1978 p.
774 1917 892 1959 cnxxrr
910 1900 977 1978 dixi,
996 1902 1159 1987 cerimonias

49 1991 294 2067 ‚accommodatam
315 2003 344 2050 et
361 1992 482 2054 Prorsae
499 1994 665 2055 Postuertae
682 1993 885 2072 appellationes
909 1995 993 2071 longe
1011 1995 1091 2053 aliter
1109 1995 1173 2055 aci

52 2095 151 2165 captas
176 2084 256 2144 uides
279 2084 316 2143 fr.
333 2089 352 2143 6
371 2096 401 2144 et
418 2088 567 2166 superioris
591 2087 653 2145 libri
668 2086 697 2146 5.
737 2087 863 2146 Similem
886 2089 1021 2145 rationem
1046 2088 1158 2148 diuersa

52 2178 220 2238 conciliandi
239 2179 300 2237 iniit
315 2179 477 2247 Clausenius
495 2201 526 2260 p.
538 2180 606 2261 885.
635 2179 755 2240 Videtur
768 2198 836 2247 sane
855 2198 977 2250 carmen,
996 2179 1071 2258 qnod
1089 2200 1158 2259 pro·

53 2283 118 2352 pter
138 2271 309 2350 prodigiosos
328 2282 425 2350 partus
449 2275 526 2332 iussu
549 2271 710 2357 pontificum
737 2282 786 2331 aut
811 2272 1030 2335 decemuirorum
1049 2276 1158 2335 canitur

53 2385 83 2426 a.
102 2367 140 2424 V.
156 2366 192 2424 C.
210 2366 267 2423 545
287 2375 316 2423 et
334 2366 403 2440 652,
422 2367 486 2426 Liu.
508 2370 556 2436 27,
575 2370 630 2442 373
649 2369 761 2441 31,12,
781 2373 947 2424 uetustatem
967 2368 1157 2429 varronianae

53 2460 210 2519 sententiae
236 2457 347 2517 docere.
391 2460 464 2517 Cum
490 2468 582 2516 tamen
608 2458 733 2516 sabotam
756 2458 793 2516 de
819 2460 1014 2520 uaticinatione
1038 2463 1157 2525 maxima
1179 2446 1189 2493 ¹·

53 2572 120 2611 cum
138 2551 265 2611 Euandri
291 2553 374 2611 rebus
401 2553 484 2628 gestis
511 2551 583 2610 tradi
607 2571 725 2630 eamque
743 2554 929 2612 narrationem
949 2553 985 2612 ad
1005 2557 1156 2616 uetustissi-

53 2664 130 2704 mam
150 2653 180 2704 et
199 2645 371 2722 exploratam
390 2646 507 2703 numinis
526 2646 667 2729 notionem
687 2665 742 2704 non
762 2645 900 2725 quadrare
918 2655 948 2705 et
961 2646 1103 2710 Porrimae
1122 2670 1157 2732 ac

53 2739 220 2800 Postuertae
239 2741 493 2816 interpretationem
511 2749 633 2797 mutasse
648 2749 767 2821 constet,
787 2739 883 2816 quaeri
901 2748 1003 2822 potest,
1022 2762 1089 2802 num
1109 2764 1156 2822 aa·

53 2833 140 2892 nendi
165 2832 334 2908 significatus
358 2834 486 2910 proprius
509 2834 538 2889 in
567 2833 654 2891 ueteri
680 2820 799 2913 'numine¹
819 2851 881 2891 esse
906 2832 1041 2894 debuerit.
1080 2837 1157 2898 Noui

53 2926 159 3005 Parcas
178 2927 225 2985 uel
243 2928 304 2985 sine
322 2927 438 2983 nominis
458 2925 623 2983 adminiculo
643 2943 728 3004 saepe
747 2936 878 2984 canentes
893 2916 994 2985 ‘induci
1013 2947 1031 2986 a
1048 2935 1155 3008 poetis:

55 3037 130 3098 quae
153 3022 248 3077 lamen
273 3021 296 3077 si
315 3021 442 3076 Varrone
467 3028 538 3077 teste
565 3039 582 3077 a
606 3029 689 3098 partu
718 3018 809 3077 dictae
834 3029 862 3076 et
881 3019 964 3077 Nona
989 3039 1024 3079 ac
1041 3023 1158 3087 Decima

55 3114 213 3171 numinibus
233 3112 356 3188 fuerunt,
377 3111 659 3170 aFatisScribundis
680 3120 744 3190 post
764 3114 883 3189 primam
903 3130 920 3171 a
938 3119 1087 3193 puerperio
1106 3119 1157 3180 be-

55 3205 223 3264 bdomadem
243 3207 347 3284 placari
366 3206 453 3263 solitis
473 3214 545 3263 teste
559 3205 681 3263 Tertull.
693 3204 730 3262 de
744 3205 836 3262 anima
856 3224 880 3263 c.
893 3208 931 3263 38
945 3205 1072 3281 diuersae
1091 3211 1157 3274 olim
1196 3259 1199 3263 -

54 3298 117 3356 iure
135 3298 279 3377 pontificio
298 3299 384 3357 fuisse
402 3298 541 3356 uidentur.
578 3298 725 3375 singulare
744 3298 837 3375 nescio
857 3297 923 3376 quid
936 3299 1087 3380 Carmenta
1105 3306 1158 3367 ba.

55 3391 115 3463 bet,
135 3411 210 3470 quaa
229 3394 310 3450 simul
327 3392 547 3470 parturientibus
566 3391 718 3469 opitulatur
736 3401 765 3449 et
784 3390 821 3448 de
839 3409 883 3467 eo,
903 3392 978 3469 quod
994 3405 1077 3473 partu
1097 3400 1158 3469 edi.
1200 3459 1203 3464 ⁴

54 3495 112 3563 tur,
134 3489 309 3547 uaticinatur.
339 3486 461 3542 Nimium
475 3495 518 3544 est
537 3485 621 3542 officii
639 3485 667 3541 iu
686 3484 798 3542 numina
813 3502 848 3542 ex
860 3480 1019 3546 minusculis
1037 3490 1101 3569 illis,
1120 3495 1157 3556 de

55 3581 155 3656 quibus
176 3581 283 3636 iocatur
301 3579 469 3656 Augustinus
489 3597 514 3636 c.
534 3577 563 3636 d.
583 3580 613 3653 7,
626 3582 654 3635 4.
693 3577 831 3636 Putabam
853 3598 906 3657 per
924 3579 1085 3645 duumuiros
1107 3599 1158 3660 ant

56 3673 231 3731 &oemuiros
250 3682 366 3750 propter
385 3672 510 3749 prodigia
534 3689 664 3748 graecum
688 3689 791 3730 numen
817 3669 905 3739 latino
931 3677 1044 3737 nornine
1067 3681 1160 3742 intro-

56 3762 171 3823 ductum
178 3806 187 3835 ‚
208 3765 360 3822 cuiusmodi
380 3784 465 3842 supra
486 3765 628 3823 Clausenii
645 3773 674 3823 et
692 3784 768 3823 meas
788 3767 959 3827 coniecturas
979 3775 1074 3848 posui:
1103 3773 1159 3834 El-

57 3855 213 3929 λειθυῖαν,
228 3877 301 3935 quac
313 3851 446 3915 Εὐλίνου
461 3858 624 3936 cognomine
643 3878 694 3935 pro
707 3855 903 3940 Πεπρωμένῃ
917 3866 1110 3928 commendata
1122 3872 1160 3940 ab

57 3949 151 4011 Olene
171 3962 237 4010 uate
256 3961 328 4010 testo
346 3952 485 4010 Pausania
504 3955 534 4028 8,
554 3956 590 4007 21
611 3953 663 4011 sub
681 3951 732 4011 fin.
758 3955 926 4013 interuenire
949 3961 1073 4034 potuerit
1097 3980 1160 4022 car·
1203 4021 1205 4025 .

59 4046 179 4103 minibus
197 4045 377 4123 Sibyllarum.
397 4039 530 4103 Εῧλινον
550 4045 642 4108 nescio
661 4063 697 4104 an
716 4047 839 4105 Romani
861 4048 1037 4126 interpretari
1059 4064 1161 4132 potue·

59 4138 115 4197 rint
133 4139 316 4212 (immaritatas,
333 4139 363 4200 b.
383 4157 411 4202 e.
429 4157 503 4220 quae
520 4139 614 4201 lanam
632 4141 682 4199 au't
700 4139 787 4201 linum
805 4139 842 4201 dc
861 4142 923 4202 colo
942 4154 1057 4224 careret,
1075 4148 1161 4225 siqui·

853 4234 920 4294 02
