<?xml version="1.0" encoding="UTF-8"?>
<!DOCTYPE html PUBLIC "-//W3C//DTD XHTML 1.0 Transitional//EN"
    "http://www.w3.org/TR/xhtml1/DTD/xhtml1-transitional.dtd">
<html xmlns="http://www.w3.org/1999/xhtml" xml:lang="en" lang="en">
 <head>
  <title>
</title>
<meta http-equiv="Content-Type" content="text/html;charset=utf-8" />
  <meta name='ocr-system' content='tesseract 3.04.00' />
  <meta name='ocr-capabilities' content='ocr_page ocr_carea ocr_par ocr_line ocrx_word'/>
</head>
<body>
  <div class='ocr_page' id='page_1' title='image "./fastorumlibrise01ovidgoog/fastorumlibrise01ovidgoog_0296.png"; bbox 0 0 2550 4574; ppageno 0'>
   <div class='ocr_carea' id='block_1_1' title="bbox 343 221 1128 325">
    <p class='ocr_par' dir='ltr' id='par_1_1' title="bbox 343 221 1128 325">
     <span class='ocr_line' id='line_1_1' title="bbox 343 221 1128 325; baseline 0.008 -11"><span class='ocrx_word' id='word_1_1' title='bbox 343 221 347 237; x_wconf 71' lang='grc'>’</span> <span class='ocrx_word' id='word_1_2' title='bbox 402 264 504 325; x_wconf 84' lang='lat' dir='ltr'>coos.</span> <span class='ocrx_word' id='word_1_3' title='bbox 521 256 741 317; x_wconf 77' lang='lat' dir='ltr'>mrsnroslrs</span> <span class='ocrx_word' id='word_1_4' title='bbox 944 276 949 285; x_wconf 94' lang='lat'>·</span> <span class='ocrx_word' id='word_1_5' title='bbox 969 262 1128 320; x_wconf 74' lang='lat' dir='ltr'>mcxxxv</span> 
     </span>
    </p>
   </div>
   <div class='ocr_carea' id='block_1_2' title="bbox 14 418 1194 1155">
    <p class='ocr_par' dir='ltr' id='par_1_2' title="bbox 14 418 1194 1155">
     <span class='ocr_line' id='line_1_2' title="bbox 18 418 1126 500; baseline 0 -17"><span class='ocrx_word' id='word_1_6' title='bbox 18 443 101 492; x_wconf 87' lang='lat' dir='ltr'>mero</span> <span class='ocrx_word' id='word_1_7' title='bbox 120 425 142 483; x_wconf 87' lang='grc'><strong>8</strong></span> <span class='ocrx_word' id='word_1_8' title='bbox 160 419 255 482; x_wconf 87' lang='lat' dir='ltr'>notaui</span> <span class='ocrx_word' id='word_1_9' title='bbox 273 419 412 498; x_wconf 75' lang='lat' dir='ltr'>ascriptis,</span> <span class='ocrx_word' id='word_1_10' title='bbox 432 421 481 480; x_wconf 89' lang='lat' dir='ltr'>nbi</span> <span class='ocrx_word' id='word_1_11' title='bbox 502 421 706 500; x_wconf 85' lang='lat' dir='ltr'>discrepabant,</span> <span class='ocrx_word' id='word_1_12' title='bbox 725 418 896 479; x_wconf 73' lang='lat' dir='ltr'>auctoribus.</span> <span class='ocrx_word' id='word_1_13' title='bbox 933 418 1074 482; x_wconf 86' lang='lat' dir='ltr'>Numerus</span> <span class='ocrx_word' id='word_1_14' title='bbox 1087 425 1126 483; x_wconf 88' lang='grc'>33</span> 
     </span>
     <span class='ocr_line' id='line_1_3' title="bbox 16 513 1127 596; baseline -0.005 -16"><span class='ocrx_word' id='word_1_15' title='bbox 16 525 56 580; x_wconf 83' lang='lat' dir='ltr'>e&#39;a</span> <span class='ocrx_word' id='word_1_16' title='bbox 75 519 105 577; x_wconf 92' lang='lat' dir='ltr'>in</span> <span class='ocrx_word' id='word_1_17' title='bbox 125 525 206 596; x_wconf 85' lang='lat' dir='ltr'>parte</span> <span class='ocrx_word' id='word_1_18' title='bbox 225 515 409 574; x_wconf 88' lang='lat' dir='ltr'>annotationis</span> <span class='ocrx_word' id='word_1_19' title='bbox 426 514 562 592; x_wconf 83' lang='lat' dir='ltr'>significat</span> <span class='ocrx_word' id='word_1_20' title='bbox 577 516 697 594; x_wconf 91' lang='lat' dir='ltr'>primum</span> <span class='ocrx_word' id='word_1_21' title='bbox 714 532 750 572; x_wconf 87' lang='lat' dir='ltr'>ex</span> <span class='ocrx_word' id='word_1_22' title='bbox 760 513 902 572; x_wconf 75' lang='lat' dir='ltr'>Vaticanis</span> <span class='ocrx_word' id='word_1_23' title='bbox 913 514 1027 591; x_wconf 87' lang='lat' dir='ltr'>reliquis</span> <span class='ocrx_word' id='word_1_24' title='bbox 1040 516 1127 574; x_wconf 89' lang='lat' dir='ltr'>Hein-</span> 
     </span>
     <span class='ocr_line' id='line_1_4' title="bbox 15 606 1128 683; baseline -0.004 -8"><span class='ocrx_word' id='word_1_25' title='bbox 15 613 54 675; x_wconf 82' lang='lat' dir='ltr'>sii</span> <span class='ocrx_word' id='word_1_26' title='bbox 73 612 124 671; x_wconf 91' lang='lat' dir='ltr'>nel</span> <span class='ocrx_word' id='word_1_27' title='bbox 142 608 262 670; x_wconf 80' lang='lat' dir='ltr'>Ciolani.</span> <span class='ocrx_word' id='word_1_28' title='bbox 301 607 370 667; x_wconf 88' lang='lat' dir='ltr'>lude</span> <span class='ocrx_word' id='word_1_29' title='bbox 387 625 406 665; x_wconf 91' lang='lat' dir='ltr'>a</span> <span class='ocrx_word' id='word_1_30' title='bbox 424 614 454 683; x_wconf 87' lang='grc'>3,</span> <span class='ocrx_word' id='word_1_31' title='bbox 468 608 524 666; x_wconf 78' lang='grc'>241</span> <span class='ocrx_word' id='word_1_32' title='bbox 545 608 582 668; x_wconf 88' lang='lat' dir='ltr'>ad</span> <span class='ocrx_word' id='word_1_33' title='bbox 606 609 690 669; x_wconf 88' lang='lat' dir='ltr'>linem</span> <span class='ocrx_word' id='word_1_34' title='bbox 715 626 831 667; x_wconf 90' lang='lat' dir='ltr'>numero</span> <span class='ocrx_word' id='word_1_35' title='bbox 850 611 871 666; x_wconf 88' lang='lat'>8</span> <span class='ocrx_word' id='word_1_36' title='bbox 889 606 1007 667; x_wconf 87' lang='lat' dir='ltr'>indicaui</span> <span class='ocrx_word' id='word_1_37' title='bbox 1025 608 1128 669; x_wconf 86' lang='lat' dir='ltr'>librum</span> 
     </span>
     <span class='ocr_line' id='line_1_5' title="bbox 14 699 1194 775; baseline -0.006 -8"><span class='ocrx_word' id='word_1_38' title='bbox 14 707 202 767; x_wconf 80' lang='lat' dir='ltr'>Vrsinianum</span> <span class='ocrx_word' id='word_1_39' title='bbox 228 699 357 775; x_wconf 86' lang='lat' dir='ltr'>Ciolani,</span> <span class='ocrx_word' id='word_1_40' title='bbox 381 719 497 759; x_wconf 88' lang='lat' dir='ltr'>numero</span> <span class='ocrx_word' id='word_1_41' title='bbox 517 706 554 759; x_wconf 86' lang='grc'>33</span> <span class='ocrx_word' id='word_1_42' title='bbox 574 702 750 761; x_wconf 85' lang='lat' dir='ltr'>Vrsiniannm</span> <span class='ocrx_word' id='word_1_43' title='bbox 769 702 882 761; x_wconf 85' lang='lat' dir='ltr'>Heinsii.</span> <span class='ocrx_word' id='word_1_44' title='bbox 926 701 998 759; x_wconf 86' lang='lat' dir='ltr'>Hinc</span> <span class='ocrx_word' id='word_1_45' title='bbox 1022 700 1128 760; x_wconf 90' lang='lat' dir='ltr'>incom·</span> <span class='ocrx_word' id='word_1_46' title='bbox 1191 729 1194 735; x_wconf 54' lang='lat'><strong><em>¹</em></strong></span> 
     </span>
     <span class='ocr_line' id='line_1_6' title="bbox 15 782 1128 873; baseline -0.005 -13"><span class='ocrx_word' id='word_1_47' title='bbox 15 782 139 860; x_wconf 74' lang='lat' dir='ltr'>modum</span> <span class='ocrx_word' id='word_1_48' title='bbox 158 795 280 856; x_wconf 87' lang='lat' dir='ltr'>nascitur</span> <span class='ocrx_word' id='word_1_49' title='bbox 294 793 358 869; x_wconf 86' lang='lat' dir='ltr'>hoc,</span> <span class='ocrx_word' id='word_1_50' title='bbox 377 793 453 872; x_wconf 88' lang='lat' dir='ltr'>quod</span> <span class='ocrx_word' id='word_1_51' title='bbox 472 794 523 852; x_wconf 90' lang='lat' dir='ltr'>sub</span> <span class='ocrx_word' id='word_1_52' title='bbox 542 795 576 853; x_wconf 89' lang='lat' dir='ltr'>iis</span> <span class='ocrx_word' id='word_1_53' title='bbox 595 797 715 856; x_wconf 88' lang='lat' dir='ltr'>numeris</span> <span class='ocrx_word' id='word_1_54' title='bbox 733 796 870 873; x_wconf 86' lang='lat' dir='ltr'>scriptura</span> <span class='ocrx_word' id='word_1_55' title='bbox 887 794 922 852; x_wconf 86' lang='lat' dir='ltr'>ab</span> <span class='ocrx_word' id='word_1_56' title='bbox 939 793 1051 852; x_wconf 77' lang='lat' dir='ltr'>Heinsio</span> <span class='ocrx_word' id='word_1_57' title='bbox 1069 802 1128 854; x_wconf 89' lang='lat' dir='ltr'>tra·</span> 
     </span>
     <span class='ocr_line' id='line_1_7' title="bbox 17 887 1127 969; baseline -0.006 -16"><span class='ocrx_word' id='word_1_58' title='bbox 17 894 87 952; x_wconf 87' lang='lat' dir='ltr'>dita</span> <span class='ocrx_word' id='word_1_59' title='bbox 104 893 209 969; x_wconf 93' lang='lat' dir='ltr'>ubique</span> <span class='ocrx_word' id='word_1_60' title='bbox 224 890 386 948; x_wconf 86' lang='lat' dir='ltr'>examussim</span> <span class='ocrx_word' id='word_1_61' title='bbox 404 888 570 959; x_wconf 88' lang='lat' dir='ltr'>inuenietur,</span> <span class='ocrx_word' id='word_1_62' title='bbox 589 888 639 947; x_wconf 90' lang='lat' dir='ltr'>sed</span> <span class='ocrx_word' id='word_1_63' title='bbox 659 899 752 951; x_wconf 86' lang='lat' dir='ltr'>tamen</span> <span class='ocrx_word' id='word_1_64' title='bbox 771 889 834 947; x_wconf 88' lang='lat' dir='ltr'>seiri</span> <span class='ocrx_word' id='word_1_65' title='bbox 852 888 902 945; x_wconf 91' lang='lat' dir='ltr'>nisi</span> <span class='ocrx_word' id='word_1_66' title='bbox 921 887 1044 966; x_wconf 87' lang='lat' dir='ltr'>inspecto</span> <span class='ocrx_word' id='word_1_67' title='bbox 1060 888 1127 946; x_wconf 89' lang='lat' dir='ltr'>Cio-</span> 
     </span>
     <span class='ocr_line' id='line_1_8' title="bbox 16 979 1128 1061; baseline -0.004 -16"><span class='ocrx_word' id='word_1_68' title='bbox 16 987 85 1045; x_wconf 81' lang='lat' dir='ltr'>fsni</span> <span class='ocrx_word' id='word_1_69' title='bbox 103 983 301 1043; x_wconf 87' lang='lat' dir='ltr'>commentario</span> <span class='ocrx_word' id='word_1_70' title='bbox 319 998 376 1040; x_wconf 91' lang='lat' dir='ltr'>uon</span> <span class='ocrx_word' id='word_1_71' title='bbox 395 981 509 1059; x_wconf 86' lang='lat' dir='ltr'>poterit,</span> <span class='ocrx_word' id='word_1_72' title='bbox 529 1000 592 1040; x_wconf 89' lang='lat' dir='ltr'>cam</span> <span class='ocrx_word' id='word_1_73' title='bbox 610 984 638 1040; x_wconf 92' lang='lat' dir='ltr'>iu</span> <span class='ocrx_word' id='word_1_74' title='bbox 659 992 739 1061; x_wconf 89' lang='lat' dir='ltr'>parte</span> <span class='ocrx_word' id='word_1_75' title='bbox 758 983 843 1061; x_wconf 80' lang='lat' dir='ltr'><strong>priori</strong></span> <span class='ocrx_word' id='word_1_76' title='bbox 860 983 879 1040; x_wconf 87' lang='grc'><strong>8</strong></span> <span class='ocrx_word' id='word_1_77' title='bbox 898 979 986 1055; x_wconf 89' lang='lat' dir='ltr'>adest,</span> <span class='ocrx_word' id='word_1_78' title='bbox 1008 1000 1074 1040; x_wconf 91' lang='lat' dir='ltr'>num</span> <span class='ocrx_word' id='word_1_79' title='bbox 1091 999 1128 1041; x_wconf 87' lang='lat' dir='ltr'>ea</span> 
     </span>
     <span class='ocr_line' id='line_1_9' title="bbox 19 1075 1127 1155; baseline -0.003 -18"><span class='ocrx_word' id='word_1_80' title='bbox 19 1080 169 1155; x_wconf 82' lang='lat' dir='ltr'>utriusque</span> <span class='ocrx_word' id='word_1_81' title='bbox 183 1076 322 1136; x_wconf 86' lang='lat' dir='ltr'>Vrsiniani</span> <span class='ocrx_word' id='word_1_82' title='bbox 341 1076 377 1134; x_wconf 92' lang='lat' dir='ltr'>sit</span> <span class='ocrx_word' id='word_1_83' title='bbox 394 1075 542 1153; x_wconf 86' lang='lat' dir='ltr'>scriptura,</span> <span class='ocrx_word' id='word_1_84' title='bbox 562 1087 591 1135; x_wconf 91' lang='lat' dir='ltr'>et</span> <span class='ocrx_word' id='word_1_85' title='bbox 610 1095 673 1134; x_wconf 89' lang='lat' dir='ltr'>cum</span> <span class='ocrx_word' id='word_1_86' title='bbox 692 1077 720 1134; x_wconf 90' lang='lat' dir='ltr'>in</span> <span class='ocrx_word' id='word_1_87' title='bbox 740 1084 821 1154; x_wconf 87' lang='lat' dir='ltr'>parte</span> <span class='ocrx_word' id='word_1_88' title='bbox 835 1075 979 1152; x_wconf 75' lang='lat' dir='ltr'>posteriori</span> <span class='ocrx_word' id='word_1_89' title='bbox 993 1080 1040 1146; x_wconf 84' lang='grc'>33,</span> <span class='ocrx_word' id='word_1_90' title='bbox 1059 1095 1127 1135; x_wconf 91' lang='lat' dir='ltr'>num</span> 
     </span>
    </p>
   </div>
   <div class='ocr_carea' id='block_1_3' title="bbox 19 1166 1257 1247">
    <p class='ocr_par' dir='ltr' id='par_1_3' title="bbox 19 1166 1257 1247">
     <span class='ocr_line' id='line_1_10' title="bbox 19 1166 1257 1247; baseline -0.005 -15"><span class='ocrx_word' id='word_1_91' title='bbox 19 1171 162 1232; x_wconf 85' lang='lat' dir='ltr'>indicetur</span> <span class='ocrx_word' id='word_1_92' title='bbox 179 1177 293 1247; x_wconf 87' lang='lat' dir='ltr'>praeter</span> <span class='ocrx_word' id='word_1_93' title='bbox 304 1168 479 1227; x_wconf 85' lang='lat' dir='ltr'>Vrsiuianum</span> <span class='ocrx_word' id='word_1_94' title='bbox 496 1169 599 1227; x_wconf 87' lang='lat' dir='ltr'>Heinsii</span> <span class='ocrx_word' id='word_1_95' title='bbox 617 1170 698 1228; x_wconf 90' lang='lat' dir='ltr'>simul</span> <span class='ocrx_word' id='word_1_96' title='bbox 717 1168 821 1246; x_wconf 89' lang='lat' dir='ltr'>primus</span> <span class='ocrx_word' id='word_1_97' title='bbox 837 1166 987 1225; x_wconf 81' lang='lat' dir='ltr'>Vaticanus</span> <span class='ocrx_word' id='word_1_98' title='bbox 1006 1168 1128 1245; x_wconf 77' lang='lat' dir='ltr'>ciniani,</span> <span class='ocrx_word' id='word_1_99' title='bbox 1254 1242 1257 1247; x_wconf 25' lang='grc' dir='ltr'>Ι</span> 
     </span>
    </p>
   </div>
   <div class='ocr_carea' id='block_1_4' title="bbox 10 1261 1222 4241">
    <p class='ocr_par' dir='ltr' id='par_1_4' title="bbox 10 1261 1222 4241">
     <span class='ocr_line' id='line_1_11' title="bbox 22 1261 1128 1344; baseline -0.005 -19"><span class='ocrx_word' id='word_1_100' title='bbox 22 1283 114 1344; x_wconf 87' lang='lat' dir='ltr'>quem·</span> <span class='ocrx_word' id='word_1_101' title='bbox 135 1273 228 1321; x_wconf 86' lang='lat' dir='ltr'>tamen</span> <span class='ocrx_word' id='word_1_102' title='bbox 256 1262 340 1322; x_wconf 87' lang='lat' dir='ltr'>eredo</span> <span class='ocrx_word' id='word_1_103' title='bbox 361 1280 497 1340; x_wconf 79' lang='lat' dir='ltr'>nusquam</span> <span class='ocrx_word' id='word_1_104' title='bbox 522 1263 602 1320; x_wconf 90' lang='lat' dir='ltr'>simul</span> <span class='ocrx_word' id='word_1_105' title='bbox 627 1261 749 1320; x_wconf 86' lang='lat' dir='ltr'>disertim</span> <span class='ocrx_word' id='word_1_106' title='bbox 768 1261 987 1319; x_wconf 87' lang='lat' dir='ltr'>commemorari.</span> <span class='ocrx_word' id='word_1_107' title='bbox 1025 1261 1128 1331; x_wconf 84' lang='lat' dir='ltr'>Facilis¹</span> 
     </span>
     <span class='ocr_line' id='line_1_12' title="bbox 23 1353 1129 1432; baseline -0.005 -14"><span class='ocrx_word' id='word_1_108' title='bbox 23 1368 69 1418; x_wconf 89' lang='lat' dir='ltr'>est</span> <span class='ocrx_word' id='word_1_109' title='bbox 86 1359 167 1416; x_wconf 88' lang='lat' dir='ltr'>labor</span> <span class='ocrx_word' id='word_1_110' title='bbox 185 1357 313 1416; x_wconf 62' lang='lat' dir='ltr'>moenoli</span> <span class='ocrx_word' id='word_1_111' title='bbox 331 1357 452 1429; x_wconf 86' lang='lat' dir='ltr'>lectoris,</span> <span class='ocrx_word' id='word_1_112' title='bbox 470 1355 519 1432; x_wconf 90' lang='lat' dir='ltr'>qui</span> <span class='ocrx_word' id='word_1_113' title='bbox 536 1353 646 1414; x_wconf 85' lang='lat' dir='ltr'>Ciosaui</span> <span class='ocrx_word' id='word_1_114' title='bbox 659 1353 850 1412; x_wconf 86' lang='lat' dir='ltr'>Sulmonemis</span> <span class='ocrx_word' id='word_1_115' title='bbox 867 1354 1129 1425; x_wconf 88' lang='lat' dir='ltr'>commentariorum</span> 
     </span>
     <span class='ocr_line' id='line_1_13' title="bbox 23 1446 1128 1524; baseline -0.002 -14"><span class='ocrx_word' id='word_1_116' title='bbox 23 1450 148 1511; x_wconf 78' lang='lat' dir='ltr'>editione</span> <span class='ocrx_word' id='word_1_117' title='bbox 161 1449 338 1508; x_wconf 87' lang='lat' dir='ltr'>Plautiniana</span> <span class='ocrx_word' id='word_1_118' title='bbox 356 1459 459 1524; x_wconf 85' lang='lat' dir='ltr'>utetur,</span> <span class='ocrx_word' id='word_1_119' title='bbox 480 1449 550 1507; x_wconf 89' lang='lat' dir='ltr'>baec</span> <span class='ocrx_word' id='word_1_120' title='bbox 564 1465 776 1524; x_wconf 77' lang='lat' dir='ltr'>recognosceres</span> <span class='ocrx_word' id='word_1_121' title='bbox 796 1447 861 1505; x_wconf 89' lang='lat' dir='ltr'>mibi</span> <span class='ocrx_word' id='word_1_122' title='bbox 875 1446 912 1505; x_wconf 91' lang='lat' dir='ltr'>ad</span> <span class='ocrx_word' id='word_1_123' title='bbox 926 1466 1038 1508; x_wconf 86' lang='lat' dir='ltr'>manum</span> <span class='ocrx_word' id='word_1_124' title='bbox 1053 1468 1128 1508; x_wconf 92' lang='lat' dir='ltr'>nuno</span> 
     </span>
     <span class='ocr_line' id='line_1_14' title="bbox 24 1532 1129 1619; baseline -0.003 -14"><span class='ocrx_word' id='word_1_125' title='bbox 24 1532 84 1605; x_wconf 76' lang='lat' dir='ltr'>non</span> <span class='ocrx_word' id='word_1_126' title='bbox 101 1551 177 1602; x_wconf 89' lang='lat' dir='ltr'>sunt.</span> <span class='ocrx_word' id='word_1_127' title='bbox 215 1543 322 1602; x_wconf 81' lang='lat' dir='ltr'>Fateor</span> <span class='ocrx_word' id='word_1_128' title='bbox 346 1542 421 1601; x_wconf 89' lang='lat' dir='ltr'>malo</span> <span class='ocrx_word' id='word_1_129' title='bbox 444 1542 536 1600; x_wconf 93' lang='lat' dir='ltr'>omine</span> <span class='ocrx_word' id='word_1_130' title='bbox 558 1560 604 1600; x_wconf 91' lang='lat' dir='ltr'>me</span> <span class='ocrx_word' id='word_1_131' title='bbox 623 1541 757 1600; x_wconf 86' lang='lat' dir='ltr'>accedere</span> <span class='ocrx_word' id='word_1_132' title='bbox 776 1539 813 1598; x_wconf 91' lang='lat' dir='ltr'>ad</span> <span class='ocrx_word' id='word_1_133' title='bbox 832 1542 1071 1619; x_wconf 79' lang='lat' dir='ltr'>quaestiunculam</span> <span class='ocrx_word' id='word_1_134' title='bbox 1088 1542 1129 1603; x_wconf 87' lang='lat' dir='ltr'>de</span> 
     </span>
     <span class='ocr_line' id='line_1_15' title="bbox 24 1631 1128 1715; baseline -0.002 -18"><span class='ocrx_word' id='word_1_135' title='bbox 24 1636 240 1715; x_wconf 83' lang='lat' dir='ltr'>interpolatione</span> <span class='ocrx_word' id='word_1_136' title='bbox 257 1634 338 1694; x_wconf 77' lang='lat' dir='ltr'>huus</span> <span class='ocrx_word' id='word_1_137' title='bbox 359 1635 500 1708; x_wconf 85' lang='lat' dir='ltr'>carminis,</span> <span class='ocrx_word' id='word_1_138' title='bbox 520 1651 593 1713; x_wconf 87' lang='lat' dir='ltr'>quae</span> <span class='ocrx_word' id='word_1_139' title='bbox 611 1633 681 1691; x_wconf 92' lang='lat' dir='ltr'>libro</span> <span class='ocrx_word' id='word_1_140' title='bbox 700 1635 870 1712; x_wconf 90' lang='lat' dir='ltr'>potissimum</span> <span class='ocrx_word' id='word_1_141' title='bbox 890 1631 1040 1694; x_wconf 89' lang='lat' dir='ltr'>Vrsiniauo</span> <span class='ocrx_word' id='word_1_142' title='bbox 1059 1654 1128 1695; x_wconf 88' lang='lat' dir='ltr'>oon·</span> 
     </span>
     <span class='ocr_line' id='line_1_16' title="bbox 10 1723 1128 1815; baseline -0.001 -27"><span class='ocrx_word' id='word_1_143' title='bbox 10 1731 140 1815; x_wconf 50' lang='lat' dir='ltr'>*quemn</span> <span class='ocrx_word' id='word_1_144' title='bbox 178 1728 236 1788; x_wconf 87' lang='lat' dir='ltr'>Sed</span> <span class='ocrx_word' id='word_1_145' title='bbox 256 1737 348 1788; x_wconf 68' lang='lat' dir='ltr'>umen</span> <span class='ocrx_word' id='word_1_146' title='bbox 366 1735 444 1788; x_wconf 67' lang='lat' dir='ltr'>toton</span> <span class='ocrx_word' id='word_1_147' title='bbox 461 1735 489 1786; x_wconf 86' lang='lat' dir='ltr'>te</span> <span class='ocrx_word' id='word_1_148' title='bbox 505 1723 624 1801; x_wconf 72' lang='lat' dir='ltr'>Afrionl</span> <span class='ocrx_word' id='word_1_149' title='bbox 648 1728 736 1787; x_wconf 81' lang='lat' dir='ltr'>lirror</span> <span class='ocrx_word' id='word_1_150' title='bbox 759 1728 807 1786; x_wconf 90' lang='lat' dir='ltr'>ille</span> <span class='ocrx_word' id='word_1_151' title='bbox 824 1745 903 1786; x_wconf 88' lang='lat' dir='ltr'>mens</span> <span class='ocrx_word' id='word_1_152' title='bbox 921 1736 1003 1787; x_wconf 89' lang='lat' dir='ltr'>natus</span> <span class='ocrx_word' id='word_1_153' title='bbox 1020 1727 1074 1787; x_wconf 81' lang='lat' dir='ltr'>luit</span> <span class='ocrx_word' id='word_1_154' title='bbox 1091 1746 1128 1802; x_wconf 66' lang='lat' dir='ltr'>,ea</span> 
     </span>
     <span class='ocr_line' id='line_1_17' title="bbox 25 1821 1128 1903; baseline 0.001 -22"><span class='ocrx_word' id='word_1_155' title='bbox 25 1824 183 1903; x_wconf 52' lang='lat' dir='ltr'>meique</span> <span class='ocrx_word' id='word_1_156' title='bbox 201 1823 344 1881; x_wconf 89' lang='lat' dir='ltr'>Heinsium</span> <span class='ocrx_word' id='word_1_157' title='bbox 364 1823 515 1901; x_wconf 88' lang='lat' dir='ltr'>scripturas</span> <span class='ocrx_word' id='word_1_158' title='bbox 533 1839 603 1899; x_wconf 87' lang='lat' dir='ltr'>quas</span> <span class='ocrx_word' id='word_1_159' title='bbox 629 1822 656 1879; x_wconf 93' lang='lat' dir='ltr'>in</span> <span class='ocrx_word' id='word_1_160' title='bbox 679 1821 788 1880; x_wconf 69' lang='lat' dir='ltr'>uhedis</span> <span class='ocrx_word' id='word_1_161' title='bbox 811 1822 895 1899; x_wconf 85' lang='lat' dir='ltr'>primi</span> <span class='ocrx_word' id='word_1_162' title='bbox 916 1823 1046 1881; x_wconf 80' lang='lat' dir='ltr'>Vaticani</span> <span class='ocrx_word' id='word_1_163' title='bbox 1064 1839 1128 1883; x_wconf 88' lang='lat' dir='ltr'>esso</span> 
     </span>
     <span class='ocr_line' id='line_1_18' title="bbox 25 1912 1127 1997; baseline 0.002 -23"><span class='ocrx_word' id='word_1_164' title='bbox 25 1916 188 1997; x_wconf 69' lang='lat' dir='ltr'>perscripsit</span> <span class='ocrx_word' id='word_1_165' title='bbox 203 1914 275 1975; x_wconf 80' lang='lat' dir='ltr'>falso</span> <span class='ocrx_word' id='word_1_166' title='bbox 290 1917 416 1975; x_wconf 81' lang='lat' dir='ltr'>tribuisse</span> <span class='ocrx_word' id='word_1_167' title='bbox 435 1912 507 1974; x_wconf 87' lang='lat' dir='ltr'>libro</span> <span class='ocrx_word' id='word_1_168' title='bbox 526 1915 567 1973; x_wconf 92' lang='lat' dir='ltr'>illi</span> <span class='ocrx_word' id='word_1_169' title='bbox 586 1915 770 1975; x_wconf 88' lang='lat' dir='ltr'>uetustissimo</span> <span class='ocrx_word' id='word_1_170' title='bbox 785 1915 950 1974; x_wconf 88' lang='lat' dir='ltr'>Cassinensi.</span> <span class='ocrx_word' id='word_1_171' title='bbox 979 1916 1127 1992; x_wconf 85' lang='lat' dir='ltr'>lguoscent</span> 
     </span>
     <span class='ocr_line' id='line_1_19' title="bbox 25 2007 1125 2089; baseline -0.001 -21"><span class='ocrx_word' id='word_1_172' title='bbox 25 2011 122 2089; x_wconf 83' lang='lat' dir='ltr'>magni</span> <span class='ocrx_word' id='word_1_173' title='bbox 146 2009 198 2068; x_wconf 90' lang='lat' dir='ltr'>uiri</span> <span class='ocrx_word' id='word_1_174' title='bbox 222 2027 318 2068; x_wconf 86' lang='lat' dir='ltr'>manes</span> <span class='ocrx_word' id='word_1_175' title='bbox 335 2010 460 2068; x_wconf 89' lang='lat' dir='ltr'>ueritatis</span> <span class='ocrx_word' id='word_1_176' title='bbox 485 2007 584 2067; x_wconf 86' lang='lat' dir='ltr'>audaci</span> <span class='ocrx_word' id='word_1_177' title='bbox 606 2008 731 2067; x_wconf 83' lang='lat' dir='ltr'>fortassis</span> <span class='ocrx_word' id='word_1_178' title='bbox 754 2009 909 2084; x_wconf 88' lang='lat' dir='ltr'>interdurn,</span> <span class='ocrx_word' id='word_1_179' title='bbox 932 2018 964 2070; x_wconf 84' lang='lat' dir='ltr'>ut</span> <span class='ocrx_word' id='word_1_180' title='bbox 985 2011 1045 2088; x_wconf 86' lang='lat' dir='ltr'>ipse</span> <span class='ocrx_word' id='word_1_181' title='bbox 1062 2009 1125 2088; x_wconf 82' lang='lat' dir='ltr'>fuit,</span> 
     </span>
     <span class='ocr_line' id='line_1_20' title="bbox 27 2098 1126 2181; baseline -0.001 -18"><span class='ocrx_word' id='word_1_182' title='bbox 27 2102 147 2164; x_wconf 84' lang='lat' dir='ltr'>candido</span> <span class='ocrx_word' id='word_1_183' title='bbox 165 2111 259 2163; x_wconf 79' lang='lat' dir='ltr'>tarum</span> <span class='ocrx_word' id='word_1_184' title='bbox 277 2102 443 2180; x_wconf 80' lang='lat' dir='ltr'>indagaturi.</span> <span class='ocrx_word' id='word_1_185' title='bbox 477 2102 554 2161; x_wconf 85' lang='lat' dir='ltr'>Libri</span> <span class='ocrx_word' id='word_1_186' title='bbox 568 2101 739 2162; x_wconf 85' lang='lat' dir='ltr'>Cassinemis</span> <span class='ocrx_word' id='word_1_187' title='bbox 752 2098 776 2160; x_wconf 83' lang='lat' dir='ltr'>ti</span> <span class='ocrx_word' id='word_1_188' title='bbox 791 2103 827 2160; x_wconf 87' lang='lat' dir='ltr'>ab</span> <span class='ocrx_word' id='word_1_189' title='bbox 840 2101 953 2161; x_wconf 87' lang='lat' dir='ltr'>Heinsio</span> <span class='ocrx_word' id='word_1_190' title='bbox 971 2102 1126 2181; x_wconf 87' lang='lat' dir='ltr'>scripturae</span> 
     </span>
     <span class='ocr_line' id='line_1_21' title="bbox 28 2194 1125 2275; baseline -0.002 -18"><span class='ocrx_word' id='word_1_191' title='bbox 28 2197 189 2268; x_wconf 87' lang='lat' dir='ltr'>traduntur,</span> <span class='ocrx_word' id='word_1_192' title='bbox 208 2205 305 2275; x_wconf 86' lang='lat' dir='ltr'>estque</span> <span class='ocrx_word' id='word_1_193' title='bbox 323 2196 346 2255; x_wconf 93' lang='lat' dir='ltr'>is</span> <span class='ocrx_word' id='word_1_194' title='bbox 364 2197 435 2254; x_wconf 90' lang='lat' dir='ltr'>liber</span> <span class='ocrx_word' id='word_1_195' title='bbox 452 2194 606 2254; x_wconf 82' lang='lat' dir='ltr'>Petauiano</span> <span class='ocrx_word' id='word_1_196' title='bbox 623 2205 717 2255; x_wconf 79' lang='lat' dir='ltr'>aetate</span> <span class='ocrx_word' id='word_1_197' title='bbox 735 2213 789 2273; x_wconf 88' lang='lat' dir='ltr'>par</span> <span class='ocrx_word' id='word_1_198' title='bbox 806 2203 856 2252; x_wconf 92' lang='lat' dir='ltr'>ant</span> <span class='ocrx_word' id='word_1_199' title='bbox 872 2195 1015 2272; x_wconf 81' lang='lat' dir='ltr'>superior,</span> <span class='ocrx_word' id='word_1_200' title='bbox 1036 2204 1125 2256; x_wconf 89' lang='lat' dir='ltr'>totum</span> 
     </span>
     <span class='ocr_line' id='line_1_22' title="bbox 27 2287 1126 2370; baseline -0.004 -20"><span class='ocrx_word' id='word_1_201' title='bbox 27 2308 120 2370; x_wconf 88' lang='lat' dir='ltr'>prope</span> <span class='ocrx_word' id='word_1_202' title='bbox 132 2292 199 2348; x_wconf 87' lang='lat' dir='ltr'>artis</span> <span class='ocrx_word' id='word_1_203' title='bbox 213 2290 324 2348; x_wconf 88' lang='lat' dir='ltr'>criticae</span> <span class='ocrx_word' id='word_1_204' title='bbox 337 2290 366 2346; x_wconf 90' lang='lat' dir='ltr'>in</span> <span class='ocrx_word' id='word_1_205' title='bbox 386 2287 440 2345; x_wconf 85' lang='lat' dir='ltr'>lroc</span> <span class='ocrx_word' id='word_1_206' title='bbox 454 2291 575 2348; x_wconf 86' lang='lat' dir='ltr'>carmine</span> <span class='ocrx_word' id='word_1_207' title='bbox 587 2289 731 2348; x_wconf 84' lang='lat' dir='ltr'>discrimen</span> <span class='ocrx_word' id='word_1_208' title='bbox 746 2298 873 2347; x_wconf 86' lang='lat' dir='ltr'>uersatur</span> <span class='ocrx_word' id='word_1_209' title='bbox 890 2287 918 2344; x_wconf 93' lang='lat' dir='ltr'>in</span> <span class='ocrx_word' id='word_1_210' title='bbox 938 2287 1126 2368; x_wconf 79' lang='lat' dir='ltr'>expendendis</span> 
     </span>
     <span class='ocr_line' id='line_1_23' title="bbox 28 2380 1127 2461; baseline -0.002 -17"><span class='ocrx_word' id='word_1_211' title='bbox 28 2385 71 2443; x_wconf 83' lang='lat' dir='ltr'>luis</span> <span class='ocrx_word' id='word_1_212' title='bbox 91 2384 269 2458; x_wconf 89' lang='lat' dir='ltr'>testimoniis,</span> <span class='ocrx_word' id='word_1_213' title='bbox 288 2400 362 2460; x_wconf 92' lang='lat' dir='ltr'>quae</span> <span class='ocrx_word' id='word_1_214' title='bbox 381 2380 513 2441; x_wconf 84' lang='lat' dir='ltr'>differunt</span> <span class='ocrx_word' id='word_1_215' title='bbox 532 2393 655 2458; x_wconf 87' lang='lat' dir='ltr'>tantum,</span> <span class='ocrx_word' id='word_1_216' title='bbox 673 2392 808 2461; x_wconf 90' lang='lat' dir='ltr'>qnantum</span> <span class='ocrx_word' id='word_1_217' title='bbox 825 2380 969 2459; x_wconf 84' lang='lat' dir='ltr'>intelliges.</span> <span class='ocrx_word' id='word_1_218' title='bbox 1005 2382 1127 2451; x_wconf 84' lang='lat' dir='ltr'>Remota</span> 
     </span>
     <span class='ocr_line' id='line_1_24' title="bbox 27 2475 1124 2556; baseline -0.002 -19"><span class='ocrx_word' id='word_1_219' title='bbox 27 2477 248 2556; x_wconf 85' lang='lat' dir='ltr'>interpolationis</span> <span class='ocrx_word' id='word_1_220' title='bbox 260 2475 416 2553; x_wconf 88' lang='lat' dir='ltr'>suspicione</span> <span class='ocrx_word' id='word_1_221' title='bbox 427 2483 476 2533; x_wconf 90' lang='lat' dir='ltr'>ant</span> <span class='ocrx_word' id='word_1_222' title='bbox 486 2475 643 2555; x_wconf 89' lang='lat' dir='ltr'>sequendos</span> <span class='ocrx_word' id='word_1_223' title='bbox 660 2475 871 2535; x_wconf 85' lang='lat' dir='ltr'>estVrsinianns</span> <span class='ocrx_word' id='word_1_224' title='bbox 887 2475 1124 2554; x_wconf 85' lang='lat' dir='ltr'>antPetanianus,</span> 
     </span>
     <span class='ocr_line' id='line_1_25' title="bbox 27 2568 1126 2648; baseline 0 -18"><span class='ocrx_word' id='word_1_225' title='bbox 27 2571 124 2648; x_wconf 90' lang='lat' dir='ltr'>etqui</span> <span class='ocrx_word' id='word_1_226' title='bbox 141 2570 218 2628; x_wconf 90' lang='lat' dir='ltr'>illum</span> <span class='ocrx_word' id='word_1_227' title='bbox 237 2568 388 2647; x_wconf 84' lang='lat' dir='ltr'>praeferet,</span> <span class='ocrx_word' id='word_1_228' title='bbox 408 2576 440 2626; x_wconf 90' lang='lat' dir='ltr'>ut</span> <span class='ocrx_word' id='word_1_229' title='bbox 459 2570 577 2647; x_wconf 87' lang='lat' dir='ltr'>opinor,</span> <span class='ocrx_word' id='word_1_230' title='bbox 597 2588 653 2629; x_wconf 91' lang='lat' dir='ltr'>non</span> <span class='ocrx_word' id='word_1_231' title='bbox 672 2569 788 2629; x_wconf 91' lang='lat' dir='ltr'>multum</span> <span class='ocrx_word' id='word_1_232' title='bbox 807 2586 908 2629; x_wconf 87' lang='lat' dir='ltr'>causae</span> <span class='ocrx_word' id='word_1_233' title='bbox 926 2568 1054 2646; x_wconf 87' lang='lat' dir='ltr'>habebit,</span> <span class='ocrx_word' id='word_1_234' title='bbox 1074 2589 1126 2630; x_wconf 88' lang='lat' dir='ltr'>cur</span> 
     </span>
     <span class='ocr_line' id='line_1_26' title="bbox 27 2662 1125 2742; baseline 0.002 -20"><span class='ocrx_word' id='word_1_235' title='bbox 27 2664 148 2722; x_wconf 86' lang='lat' dir='ltr'>alterum</span> <span class='ocrx_word' id='word_1_236' title='bbox 163 2662 199 2720; x_wconf 90' lang='lat' dir='ltr'>ad</span> <span class='ocrx_word' id='word_1_237' title='bbox 213 2671 308 2741; x_wconf 89' lang='lat' dir='ltr'>partes</span> <span class='ocrx_word' id='word_1_238' title='bbox 327 2669 422 2720; x_wconf 84' lang='lat' dir='ltr'>nocet.</span> <span class='ocrx_word' id='word_1_239' title='bbox 448 2662 510 2740; x_wconf 84' lang='lat' dir='ltr'>Ego</span> <span class='ocrx_word' id='word_1_240' title='bbox 529 2664 606 2742; x_wconf 91' lang='lat' dir='ltr'>quod</span> <span class='ocrx_word' id='word_1_241' title='bbox 619 2664 777 2723; x_wconf 85' lang='lat' dir='ltr'>iaciendum</span> <span class='ocrx_word' id='word_1_242' title='bbox 791 2680 853 2722; x_wconf 88' lang='lat' dir='ltr'>esse</span> <span class='ocrx_word' id='word_1_243' title='bbox 870 2662 936 2721; x_wconf 84' lang='lat' dir='ltr'>milti</span> <span class='ocrx_word' id='word_1_244' title='bbox 954 2665 1059 2742; x_wconf 89' lang='lat' dir='ltr'>putaui,</span> <span class='ocrx_word' id='word_1_245' title='bbox 1078 2683 1125 2724; x_wconf 88' lang='lat' dir='ltr'>ra·</span> 
     </span>
     <span class='ocr_line' id='line_1_27' title="bbox 27 2753 1126 2836; baseline 0.002 -21"><span class='ocrx_word' id='word_1_246' title='bbox 27 2753 133 2815; x_wconf 88' lang='lat' dir='ltr'>tionem</span> <span class='ocrx_word' id='word_1_247' title='bbox 152 2755 277 2814; x_wconf 89' lang='lat' dir='ltr'>reddam.</span> <span class='ocrx_word' id='word_1_248' title='bbox 313 2754 450 2814; x_wconf 83' lang='lat' dir='ltr'>Videbam</span> <span class='ocrx_word' id='word_1_249' title='bbox 473 2756 611 2836; x_wconf 84' lang='lat' dir='ltr'>duplicem</span> <span class='ocrx_word' id='word_1_250' title='bbox 636 2757 764 2818; x_wconf 81' lang='lat' dir='ltr'>codicum</span> <span class='ocrx_word' id='word_1_251' title='bbox 784 2756 969 2834; x_wconf 87' lang='lat' dir='ltr'>antiquiorum</span> <span class='ocrx_word' id='word_1_252' title='bbox 989 2776 1050 2816; x_wconf 88' lang='lat' dir='ltr'>esse</span> <span class='ocrx_word' id='word_1_253' title='bbox 1068 2757 1126 2817; x_wconf 91' lang='lat' dir='ltr'>ori·</span> 
     </span>
     <span class='ocr_line' id='line_1_28' title="bbox 27 2848 1125 2929; baseline 0.002 -21"><span class='ocrx_word' id='word_1_254' title='bbox 27 2851 139 2928; x_wconf 77' lang='lat' dir='ltr'>ginem‚</span> <span class='ocrx_word' id='word_1_255' title='bbox 158 2848 223 2907; x_wconf 88' lang='lat' dir='ltr'>lriuc</span> <span class='ocrx_word' id='word_1_256' title='bbox 241 2849 423 2907; x_wconf 90' lang='lat' dir='ltr'>Petauiannm</span> <span class='ocrx_word' id='word_1_257' title='bbox 435 2850 558 2929; x_wconf 87' lang='lat' dir='ltr'>eiusque</span> <span class='ocrx_word' id='word_1_258' title='bbox 576 2853 676 2912; x_wconf 87' lang='lat' dir='ltr'>similes</span> <span class='ocrx_word' id='word_1_259' title='bbox 693 2852 779 2910; x_wconf 88' lang='lat' dir='ltr'>libros</span> <span class='ocrx_word' id='word_1_260' title='bbox 798 2860 927 2909; x_wconf 85' lang='lat' dir='ltr'>accurate</span> <span class='ocrx_word' id='word_1_261' title='bbox 946 2870 1017 2929; x_wconf 91' lang='lat' dir='ltr'>quos</span> <span class='ocrx_word' id='word_1_262' title='bbox 1037 2869 1125 2911; x_wconf 90' lang='lat' dir='ltr'>noue·</span> 
     </span>
     <span class='ocr_line' id='line_1_29' title="bbox 28 2941 1126 3022; baseline 0 -20"><span class='ocrx_word' id='word_1_263' title='bbox 28 2962 107 3020; x_wconf 90' lang='lat' dir='ltr'>ram,</span> <span class='ocrx_word' id='word_1_264' title='bbox 127 2943 201 3002; x_wconf 80' lang='lat' dir='ltr'>sslinc</span> <span class='ocrx_word' id='word_1_265' title='bbox 219 2941 412 3019; x_wconf 87' lang='lat' dir='ltr'>llseldensem,</span> <span class='ocrx_word' id='word_1_266' title='bbox 432 2942 624 3022; x_wconf 87' lang='lat' dir='ltr'>Vrsinianum,</span> <span class='ocrx_word' id='word_1_267' title='bbox 643 2944 890 3018; x_wconf 82' lang='lat' dir='ltr'>Zalichemianum,</span> <span class='ocrx_word' id='word_1_268' title='bbox 908 2943 1126 3010; x_wconf 81' lang='lat' dir='ltr'>Mazariniannnr</span> 
     </span>
     <span class='ocr_line' id='line_1_30' title="bbox 28 3030 1127 3118; baseline 0.004 -26"><span class='ocrx_word' id='word_1_269' title='bbox 28 3056 68 3111; x_wconf 80' lang='lat' dir='ltr'>us,</span> <span class='ocrx_word' id='word_1_270' title='bbox 88 3054 207 3115; x_wconf 89' lang='lat' dir='ltr'>qnorum</span> <span class='ocrx_word' id='word_1_271' title='bbox 226 3030 331 3114; x_wconf 87' lang='lat' dir='ltr'>primus</span> <span class='ocrx_word' id='word_1_272' title='bbox 349 3052 406 3112; x_wconf 88' lang='lat' dir='ltr'>qua</span> <span class='ocrx_word' id='word_1_273' title='bbox 423 3046 504 3113; x_wconf 90' lang='lat' dir='ltr'>parte</span> <span class='ocrx_word' id='word_1_274' title='bbox 522 3047 665 3118; x_wconf 88' lang='lat' dir='ltr'>superest,</span> <span class='ocrx_word' id='word_1_275' title='bbox 690 3056 747 3097; x_wconf 92' lang='lat' dir='ltr'>non</span> <span class='ocrx_word' id='word_1_276' title='bbox 765 3035 924 3095; x_wconf 88' lang='lat' dir='ltr'>difficillime</span> <span class='ocrx_word' id='word_1_277' title='bbox 942 3038 1127 3096; x_wconf 88' lang='lat' dir='ltr'>conueniebat</span> 
     </span>
     <span class='ocr_line' id='line_1_31' title="bbox 29 3129 1130 3210; baseline 0.001 -21"><span class='ocrx_word' id='word_1_278' title='bbox 29 3149 95 3189; x_wconf 88' lang='lat' dir='ltr'>cum</span> <span class='ocrx_word' id='word_1_279' title='bbox 106 3129 270 3205; x_wconf 86' lang='lat' dir='ltr'>Petauiano,</span> <span class='ocrx_word' id='word_1_280' title='bbox 289 3129 456 3206; x_wconf 88' lang='lat' dir='ltr'>reliquorum</span> <span class='ocrx_word' id='word_1_281' title='bbox 475 3150 567 3210; x_wconf 90' lang='lat' dir='ltr'>neque</span> <span class='ocrx_word' id='word_1_282' title='bbox 585 3133 669 3192; x_wconf 91' lang='lat' dir='ltr'>dubia</span> <span class='ocrx_word' id='word_1_283' title='bbox 687 3139 749 3190; x_wconf 90' lang='lat' dir='ltr'>erat</span> <span class='ocrx_word' id='word_1_284' title='bbox 766 3130 894 3208; x_wconf 86' lang='lat' dir='ltr'>cognatio</span> <span class='ocrx_word' id='word_1_285' title='bbox 914 3149 978 3188; x_wconf 85' lang='lat' dir='ltr'>cunr</span> <span class='ocrx_word' id='word_1_286' title='bbox 995 3130 1130 3199; x_wconf 80' lang='lat' dir='ltr'>llielden·¹</span> 
     </span>
     <span class='ocr_line' id='line_1_32' title="bbox 28 3221 1127 3302; baseline 0.001 -20"><span class='ocrx_word' id='word_1_287' title='bbox 28 3224 72 3298; x_wconf 90' lang='lat' dir='ltr'>si,</span> <span class='ocrx_word' id='word_1_288' title='bbox 98 3241 190 3300; x_wconf 88' lang='lat' dir='ltr'>neque</span> <span class='ocrx_word' id='word_1_289' title='bbox 209 3221 425 3281; x_wconf 78' lang='lat' dir='ltr'>discordiarum</span> <span class='ocrx_word' id='word_1_290' title='bbox 444 3223 609 3286; x_wconf 88' lang='lat' dir='ltr'>Petauiano.</span> <span class='ocrx_word' id='word_1_291' title='bbox 647 3221 926 3281; x_wconf 89' lang='lat' dir='ltr'>Zalichemianus</span> <span class='ocrx_word' id='word_1_292' title='bbox 944 3224 1023 3294; x_wconf 89' lang='lat' dir='ltr'>liber,</span> <span class='ocrx_word' id='word_1_293' title='bbox 1042 3243 1127 3302; x_wconf 87' lang='lat' dir='ltr'>quem</span> 
     </span>
     <span class='ocr_line' id='line_1_33' title="bbox 30 3314 1127 3396; baseline 0.004 -22"><span class='ocrx_word' id='word_1_294' title='bbox 30 3319 60 3374; x_wconf 73' lang='grc' dir='ltr'>Ζ</span> <span class='ocrx_word' id='word_1_295' title='bbox 77 3325 176 3374; x_wconf 89' lang='lat' dir='ltr'>notare</span> <span class='ocrx_word' id='word_1_296' title='bbox 193 3315 281 3390; x_wconf 91' lang='lat' dir='ltr'>soleo,</span> <span class='ocrx_word' id='word_1_297' title='bbox 299 3315 323 3372; x_wconf 89' lang='lat' dir='ltr'>is</span> <span class='ocrx_word' id='word_1_298' title='bbox 342 3323 394 3390; x_wconf 88' lang='lat' dir='ltr'>eat,</span> <span class='ocrx_word' id='word_1_299' title='bbox 412 3314 449 3372; x_wconf 89' lang='lat' dir='ltr'>de</span> <span class='ocrx_word' id='word_1_300' title='bbox 466 3335 522 3394; x_wconf 91' lang='lat' dir='ltr'>quo</span> <span class='ocrx_word' id='word_1_301' title='bbox 537 3316 665 3376; x_wconf 84' lang='lat' dir='ltr'>Heinsius</span> <span class='ocrx_word' id='word_1_302' title='bbox 684 3317 712 3372; x_wconf 90' lang='lat' dir='ltr'>in</span> <span class='ocrx_word' id='word_1_303' title='bbox 731 3315 792 3392; x_wconf 84' lang='lat' dir='ltr'>syll.</span> <span class='ocrx_word' id='word_1_304' title='bbox 807 3333 873 3393; x_wconf 90' lang='lat' dir='ltr'>epp.</span> <span class='ocrx_word' id='word_1_305' title='bbox 888 3321 919 3392; x_wconf 87' lang='grc'>3,</span> <span class='ocrx_word' id='word_1_306' title='bbox 938 3336 968 3396; x_wconf 90' lang='lat' dir='ltr'>p.</span> <span class='ocrx_word' id='word_1_307' title='bbox 979 3320 1050 3377; x_wconf 77' lang='lat'><strong>37³:</strong></span> <span class='ocrx_word' id='word_1_308' title='bbox 1070 3315 1127 3378; x_wconf 78' lang='lat' dir='ltr'>ssd</span> 
     </span>
     <span class='ocr_line' id='line_1_34' title="bbox 28 3406 1194 3486; baseline 0.004 -19"><span class='ocrx_word' id='word_1_309' title='bbox 28 3406 116 3468; x_wconf 68' lang='lat' dir='ltr'>mm!</span> <span class='ocrx_word' id='word_1_310' title='bbox 132 3411 226 3467; x_wconf 69' lang='lat' dir='ltr'>mussi</span> <span class='ocrx_word' id='word_1_311' title='bbox 244 3407 342 3466; x_wconf 80' lang='lat' dir='ltr'>ibidem</span> <span class='ocrx_word' id='word_1_312' title='bbox 360 3415 425 3466; x_wconf 79' lang='lat' dir='ltr'>onte</span> <span class='ocrx_word' id='word_1_313' title='bbox 442 3427 547 3486; x_wconf 82' lang='lat' dir='ltr'>paucos</span> <span class='ocrx_word' id='word_1_314' title='bbox 564 3410 623 3470; x_wconf 82' lang='lat' dir='ltr'>diss</span> <span class='ocrx_word' id='word_1_315' title='bbox 640 3408 734 3484; x_wconf 74' lang='lat' dir='ltr'>fastos</span> <span class='ocrx_word' id='word_1_316' title='bbox 755 3408 912 3469; x_wconf 72' lang='lat' dir='ltr'>Ouidium</span> <span class='ocrx_word' id='word_1_317' title='bbox 929 3429 990 3471; x_wconf 83' lang='lat' dir='ltr'>cum</span> <span class='ocrx_word' id='word_1_318' title='bbox 1006 3413 1126 3471; x_wconf 66' lang='lat' dir='ltr'>acarti-</span> <span class='ocrx_word' id='word_1_319' title='bbox 1188 3468 1194 3477; x_wconf 89' lang='grc'><strong>,</strong></span> 
     </span>
     <span class='ocr_line' id='line_1_35' title="bbox 28 3501 1128 3581; baseline 0.004 -21"><span class='ocrx_word' id='word_1_320' title='bbox 28 3520 77 3561; x_wconf 83' lang='lat' dir='ltr'>nso</span> <span class='ocrx_word' id='word_1_321' title='bbox 97 3501 187 3560; x_wconf 73' lang='lat' dir='ltr'>muse</span> <span class='ocrx_word' id='word_1_322' title='bbox 208 3503 280 3560; x_wconf 83' lang='lat' dir='ltr'>sotis</span> <span class='ocrx_word' id='word_1_323' title='bbox 299 3509 429 3561; x_wconf 80' lang='lat' dir='ltr'>oomsrote</span> <span class='ocrx_word' id='word_1_324' title='bbox 447 3501 573 3562; x_wconf 83' lang='lat' dir='ltr'>collutos.</span> <span class='ocrx_word' id='word_1_325' title='bbox 612 3507 734 3562; x_wconf 81' lang='lat' dir='ltr'>Manum</span> <span class='ocrx_word' id='word_1_326' title='bbox 753 3501 894 3564; x_wconf 78' lang='lat' dir='ltr'>oollotmis</span> <span class='ocrx_word' id='word_1_327' title='bbox 910 3522 968 3563; x_wconf 83' lang='lat' dir='ltr'>nora</span> <span class='ocrx_word' id='word_1_328' title='bbox 986 3502 1128 3581; x_wconf 58' lang='lat' dir='ltr'>captiosos,</span> 
     </span>
     <span class='ocr_line' id='line_1_36' title="bbox 28 3594 1127 3675; baseline 0.003 -21"><span class='ocrx_word' id='word_1_329' title='bbox 28 3613 80 3654; x_wconf 82' lang='lat' dir='ltr'>nec</span> <span class='ocrx_word' id='word_1_330' title='bbox 98 3598 170 3654; x_wconf 67' lang='lat' dir='ltr'>amm</span> <span class='ocrx_word' id='word_1_331' title='bbox 189 3602 230 3654; x_wconf 82' lang='lat' dir='ltr'>cst</span> <span class='ocrx_word' id='word_1_332' title='bbox 247 3597 349 3674; x_wconf 83' lang='lat' dir='ltr'>Lipsii.</span> <span class='ocrx_word' id='word_1_333' title='bbox 387 3600 485 3674; x_wconf 82' lang='lat' dir='ltr'>Ipsum</span> <span class='ocrx_word' id='word_1_334' title='bbox 504 3595 621 3656; x_wconf 67' lang='lat' dir='ltr'>roduam</span> <span class='ocrx_word' id='word_1_335' title='bbox 638 3595 760 3672; x_wconf 78' lang='lat' dir='ltr'>badipuis</span> <span class='ocrx_word' id='word_1_336' title='bbox 782 3594 872 3656; x_wconf 83' lang='lat' dir='ltr'>uaodis</span> <span class='ocrx_word' id='word_1_337' title='bbox 895 3597 984 3672; x_wconf 76' lang='lat' dir='ltr'>fuisse</span> <span class='ocrx_word' id='word_1_338' title='bbox 1000 3600 1127 3675; x_wconf 79' lang='lat' dir='ltr'>interpo-</span> 
     </span>
     <span class='ocr_line' id='line_1_37' title="bbox 28 3686 1127 3767; baseline 0.004 -21"><span class='ocrx_word' id='word_1_339' title='bbox 28 3687 122 3747; x_wconf 82' lang='lat' dir='ltr'>lotum</span> <span class='ocrx_word' id='word_1_340' title='bbox 139 3686 221 3762; x_wconf 74' lang='lat' dir='ltr'>fidem</span> <span class='ocrx_word' id='word_1_341' title='bbox 238 3687 311 3762; x_wconf 74' lang='lat' dir='ltr'>fucit</span> <span class='ocrx_word' id='word_1_342' title='bbox 329 3689 454 3761; x_wconf 84' lang='lat' dir='ltr'>collator,</span> <span class='ocrx_word' id='word_1_343' title='bbox 474 3693 521 3767; x_wconf 82' lang='lat' dir='ltr'>qui</span> <span class='ocrx_word' id='word_1_344' title='bbox 534 3693 642 3766; x_wconf 79' lang='lat' dir='ltr'>possim</span> <span class='ocrx_word' id='word_1_345' title='bbox 654 3696 744 3749; x_wconf 76' lang='lat' dir='ltr'>moad</span> <span class='ocrx_word' id='word_1_346' title='bbox 756 3707 808 3748; x_wconf 82' lang='lat' dir='ltr'>atto</span> <span class='ocrx_word' id='word_1_347' title='bbox 822 3689 882 3749; x_wconf 85' lang='lat' dir='ltr'>loco</span> <span class='ocrx_word' id='word_1_348' title='bbox 897 3697 1014 3749; x_wconf 69' lang='lat' dir='ltr'>salumn</span> <span class='ocrx_word' id='word_1_349' title='bbox 1029 3690 1127 3750; x_wconf 81' lang='lat' dir='ltr'>lactio-</span> 
     </span>
     <span class='ocr_line' id='line_1_38' title="bbox 23 3780 1128 3861; baseline 0.002 -22"><span class='ocrx_word' id='word_1_350' title='bbox 23 3799 94 3839; x_wconf 56' lang='lat' dir='ltr'>‘sem</span> <span class='ocrx_word' id='word_1_351' title='bbox 111 3780 200 3855; x_wconf 62' lang='lat' dir='ltr'>{abac</span> <span class='ocrx_word' id='word_1_352' title='bbox 218 3780 358 3853; x_wconf 84' lang='lat' dir='ltr'>obrosum,</span> <span class='ocrx_word' id='word_1_353' title='bbox 377 3801 435 3842; x_wconf 82' lang='lat' dir='ltr'>non</span> <span class='ocrx_word' id='word_1_354' title='bbox 453 3790 546 3843; x_wconf 83' lang='lat' dir='ltr'>tomen</span> <span class='ocrx_word' id='word_1_355' title='bbox 562 3783 592 3843; x_wconf 90' lang='lat' dir='ltr'>id</span> <span class='ocrx_word' id='word_1_356' title='bbox 610 3790 669 3841; x_wconf 86' lang='lat' dir='ltr'>tons</span> <span class='ocrx_word' id='word_1_357' title='bbox 686 3785 876 3861; x_wconf 69' lang='lat' dir='ltr'>pntioooiter,</span> <span class='ocrx_word' id='word_1_358' title='bbox 894 3790 927 3842; x_wconf 85' lang='lat' dir='ltr'>ui</span> <span class='ocrx_word' id='word_1_359' title='bbox 946 3802 1005 3842; x_wconf 81' lang='lat' dir='ltr'>non</span> <span class='ocrx_word' id='word_1_360' title='bbox 1022 3783 1128 3842; x_wconf 82' lang='lat' dir='ltr'>multus</span> 
     </span>
     <span class='ocr_line' id='line_1_39' title="bbox 28 3873 1127 3956; baseline 0.003 -23"><span class='ocrx_word' id='word_1_361' title='bbox 28 3873 159 3933; x_wconf 66' lang='lat' dir='ltr'>brunner</span> <span class='ocrx_word' id='word_1_362' title='bbox 177 3878 295 3954; x_wconf 82' lang='lat' dir='ltr'>optimos</span> <span class='ocrx_word' id='word_1_363' title='bbox 314 3880 465 3954; x_wconf 62' lang='lat' dir='ltr'>supersim</span> <span class='ocrx_word' id='word_1_364' title='bbox 489 3895 560 3956; x_wconf 81' lang='lat' dir='ltr'>qrsus</span> <span class='ocrx_word' id='word_1_365' title='bbox 577 3884 668 3936; x_wconf 73' lang='lat' dir='ltr'>waren</span> <span class='ocrx_word' id='word_1_366' title='bbox 685 3879 831 3956; x_wconf 67' lang='lat' dir='ltr'>missino</span> <span class='ocrx_word' id='word_1_367' title='bbox 848 3893 885 3935; x_wconf 81' lang='lat' dir='ltr'>ea·</span> <span class='ocrx_word' id='word_1_368' title='bbox 901 3884 983 3955; x_wconf 82' lang='lat' dir='ltr'>porte</span> <span class='ocrx_word' id='word_1_369' title='bbox 1000 3879 1060 3941; x_wconf 86' lang='lat' dir='ltr'>ium</span> <span class='ocrx_word' id='word_1_370' title='bbox 1078 3893 1127 3936; x_wconf 88' lang='lat' dir='ltr'>oc·</span> 
     </span>
     <span class='ocr_line' id='line_1_40' title="bbox 28 3970 1127 4049; baseline -0.002 -22"><span class='ocrx_word' id='word_1_371' title='bbox 28 3971 149 4045; x_wconf 75' lang='lat' dir='ltr'>enpust,</span> <span class='ocrx_word' id='word_1_372' title='bbox 174 3978 307 4046; x_wconf 79' lang='lat' dir='ltr'>quantum</span> <span class='ocrx_word' id='word_1_373' title='bbox 325 3975 414 4047; x_wconf 80' lang='lat' dir='ltr'>primo</span> <span class='ocrx_word' id='word_1_374' title='bbox 438 3978 550 4047; x_wconf 82' lang='lat' dir='ltr'>aspecto</span> <span class='ocrx_word' id='word_1_375' title='bbox 568 3973 710 4049; x_wconf 75' lang='lat' dir='ltr'>apposuit.</span> <span class='ocrx_word' id='word_1_376' title='bbox 748 3971 842 4049; x_wconf 91' lang='lat' dir='ltr'>lpsum</span> <span class='ocrx_word' id='word_1_377' title='bbox 860 3970 1002 4048; x_wconf 85' lang='lat' dir='ltr'>exemplar</span> <span class='ocrx_word' id='word_1_378' title='bbox 1020 3970 1050 4027; x_wconf 93' lang='lat' dir='ltr'>in</span> <span class='ocrx_word' id='word_1_379' title='bbox 1069 3986 1127 4047; x_wconf 91' lang='lat' dir='ltr'>quo</span> 
     </span>
     <span class='ocr_line' id='line_1_41' title="bbox 28 4056 1127 4143; baseline -0.002 -23"><span class='ocrx_word' id='word_1_380' title='bbox 28 4062 144 4120; x_wconf 84' lang='lat' dir='ltr'>collatio</span> <span class='ocrx_word' id='word_1_381' title='bbox 168 4063 292 4122; x_wconf 90' lang='lat' dir='ltr'>instituta</span> <span class='ocrx_word' id='word_1_382' title='bbox 316 4064 386 4140; x_wconf 83' lang='lat' dir='ltr'>luit,</span> <span class='ocrx_word' id='word_1_383' title='bbox 412 4063 487 4123; x_wconf 90' lang='lat' dir='ltr'>domi</span> <span class='ocrx_word' id='word_1_384' title='bbox 506 4065 624 4143; x_wconf 85' lang='lat' dir='ltr'>Hagenii</span> <span class='ocrx_word' id='word_1_385' title='bbox 648 4056 666 4123; x_wconf 81' lang='lat' dir='ltr'>a</span> <span class='ocrx_word' id='word_1_386' title='bbox 690 4063 852 4142; x_wconf 79' lang='lat' dir='ltr'>Zuyliobem</span> <span class='ocrx_word' id='word_1_387' title='bbox 877 4061 952 4123; x_wconf 88' lang='lat' dir='ltr'>docti</span> <span class='ocrx_word' id='word_1_388' title='bbox 977 4060 1127 4120; x_wconf 86' lang='lat' dir='ltr'>astronomi</span> 
     </span>
     <span class='ocr_line' id='line_1_42' title="bbox 28 4146 1222 4241; baseline -0.001 -27"><span class='ocrx_word' id='word_1_389' title='bbox 28 4146 133 4215; x_wconf 75' lang='lat' dir='ltr'>Butam</span> <span class='ocrx_word' id='word_1_390' title='bbox 152 4156 189 4240; x_wconf 86' lang='lat' dir='ltr'>ab</span> <span class='ocrx_word' id='word_1_391' title='bbox 209 4157 322 4219; x_wconf 83' lang='lat' dir='ltr'>Heinsio</span> <span class='ocrx_word' id='word_1_392' title='bbox 341 4160 497 4229; x_wconf 87' lang='lat' dir='ltr'>inuentum,</span> <span class='ocrx_word' id='word_1_393' title='bbox 517 4175 574 4218; x_wconf 88' lang='lat' dir='ltr'>non</span> <span class='ocrx_word' id='word_1_394' title='bbox 592 4157 667 4235; x_wconf 90' lang='lat' dir='ltr'>uidi,</span> <span class='ocrx_word' id='word_1_395' title='bbox 685 4176 754 4235; x_wconf 88' lang='lat' dir='ltr'>nec,</span> <span class='ocrx_word' id='word_1_396' title='bbox 771 4158 796 4217; x_wconf 86' lang='lat' dir='ltr'>si</span> <span class='ocrx_word' id='word_1_397' title='bbox 814 4154 957 4241; x_wconf 72' lang='lat' dir='ltr'>nomm,</span> <span class='ocrx_word' id='word_1_398' title='bbox 973 4155 1125 4235; x_wconf 84' lang='lat' dir='ltr'>potuissem</span> <span class='ocrx_word' id='word_1_399' title='bbox 1216 4158 1222 4165; x_wconf 90' lang='lat'><em>&#39;</em></span> 
     </span>
    </p>
   </div>
   <div class='ocr_carea' id='block_1_5' title="bbox 0 0 1282 4574">
    <p class='ocr_par' dir='ltr' id='par_1_5' title="bbox 0 0 1282 4574">
     <span class='ocr_line' id='line_1_43' title="bbox 0 0 1282 4574; baseline 0 0"><span class='ocrx_word' id='word_1_400' title='bbox 0 0 1282 4574; x_wconf 95' lang='lat' dir='ltr'> </span> 
     </span>
    </p>
   </div>
  </div>
 </body>
</html>
