2550 4574
85 214 88 219 Ι
135 256 206 306 XCll
601 249 785 301 tonooottt

136 405 214 488 quod
232 404 346 467 nomina
361 412 495 482 corrupta
511 412 586 479 nunt,
604 404 727 482 inprimis
741 398 927 483 postremum:
946 404 1027 475 bois,
1045 402 1123 483 quod
1139 401 1242 463 dolen-

138 500 206 561 oum
227 508 270 558 est
287 507 404 577 propter
422 495 517 557 Ouidii
535 496 625 555 lorum
644 501 674 571 6,
692 500 760 572 711,
780 498 826 556 ubi
844 499 881 557 ad
899 496 1106 574 Pherecydeum
1125 507 1241 557 soum

82 632 85 653 2
140 594 207 652 tiam
227 591 316 651 rediit.
357 591 402 649 De
419 588 472 647 bae
490 588 555 648 uide
573 590 713 649 Sturninm
731 591 830 668 fragm.
854 595 901 666 16,
920 612 949 670 p.
961 593 1017 648 114
1035 589 1080 648 ed.
1094 609 1142 669 pr.
1179 592 1241 650 So-

136 686 239 767 peniuri
257 685 284 742 in
303 685 365 743 loeo
378 701 451 762 quae
464 692 570 742 restant
582 702 599 742 a
610 684 726 743 Musaeo
740 685 826 762 petita
843 695 917 754 suut,
937 693 1007 743 teste
1020 702 1121 742 comm.
1137 685 1239 746 Germ.

136 779 240 856 scripto
260 787 288 835 et
306 777 381 836 edito
400 795 429 854 p.
440 777 496 851 oo,
520 785 550 835 et
572 778 713 854 plerisque
732 777 834 855 Hygini
859 778 941 836 eodd.
962 797 992 855 p.
1011 796 1038 835 a.
1059 795 1090 855 p.
1102 778 1180 853 476,
1209 786 1241 836 et

126 857 203 930 eod.
221 868 316 930 Guelf.
338 870 429 929 Seruii
453 868 490 927 ad
515 888 560 948 ge.
589 877 617 944 1,
638 874 703 928 138.
749 870 794 930 De
820 878 910 928 matre
935 868 1071 929 discordia
1095 880 1140 929 eet
1164 871 1241 929 iuter

136 963 222 1024 libros
240 963 356 1042 Hygini:
382 962 411 1021 in
431 973 578 1023 comment.
598 964 695 1022 Germ.
716 963 790 1022 edito
811 963 922 1022 uidetur
937 964 968 1020 in
987 970 1015 1021 et
1031 967 1098 1036 Hya
1117 963 1243 1023 Ouidio-

78 1051 81 1055 ’
137 1073 205 1117 trum
224 1076 324 1115 nomen
343 1056 448 1130 latere3
476 1075 560 1114 manu
586 1057 704 1135 scriptus
723 1058 837 1115 uitioser
861 1061 907 1115 M.
925 1059 969 1116 itu
986 1056 1081 1131 refut.
1101 1056 1171 1116 boso
1188 1055 1240 1115 tibi

76 1138 79 1143 ’
137 1167 175 1209 oo
192 1167 294 1210 oototto
309 1153 466 1228 prooreoott
484 1148 562 1225 filios
580 1149 728 1209 duodecim.
747 1179 787 1194 ·-
815 1150 897 1218 Quae
923 1148 959 1206 de
978 1150 1100 1235 Cbirone
1119 1149 1238 1209 Ouidius

137 1241 225 1303 babet
242 1246 274 1318 6,
294 1245 476 1318 ato-414,
503 1263 520 1301 a
546 1262 645 1302 eornm.
659 1245 762 1303 Germ.
783 1262 812 1321 p.
830 1245 869 1300 87
887 1241 971 1301 Bubl.
991 1243 1028 1301 ad
1047 1243 1236 1303 Anfistbeoem

72 1408 77 1421 .
139 1334 316 1411 referuntur,
329 1334 493 1417 ‚bistorioum
512 1335 630 1394 sortasse
649 1355 666 1394 a
684 1337 810 1414 Diogene
828 1337 941 1394 Laertio
961 1336 1009 1393 lib.
1024 1339 1053 1407 6,
1073 1356 1102 1416 p.
1114 1338 1172 1395 377
1190 1334 1235 1394 ed.

139 1428 260 1487 Ceseub.
278 1440 530 1504 commemoratum,
549 1429 601 1487 cfr.
615 1431 728 1488 Vossius
746 1431 783 1490 de
802 1430 863 1488 hist
878 1448 921 1507 gr.
939 1448 968 1508 p.
980 1432 1046 1488 326.
1078 1431 1124 1489 Ea
1140 1427 1241 1487 tubua-

72 1594 74 1599 ¹
136 1522 293 1598 excogitata
311 1524 376 1582 mibi
394 1525 515 1598 uidetur,
535 1523 632 1582 uelud
656 1524 851 1581 astronomiam
869 1539 1014 1596 conuersa,
1034 1540 1071 1583 ue
1089 1532 1170 1581 uetm
1187 1521 1235 1579 illa

32 1686 36 1707 Ι
138 1613 293 1674 deserenda
311 1627 384 1675 esset
403 1617 550 1693 sententia,
570 1636 625 1695 qua
641 1617 783 1694 Sagittarii
801 1616 891 1692 imago
910 1615 1064 1692 quindecim
1082 1616 1169 1675 stellis
1186 1635 1235 1675 ex·

137 1726 235 1787 pressa
253 1719 323 1768 teste
341 1711 450 1786 Hygino
469 1729 499 1788 p.
515 1727 543 1768 a.
555 1714 586 1785 3,
599 1713 649 1786 26,
669 1729 698 1788 p.
712 1712 780 1784 628,
800 1728 899 1767 nomm.
915 1709 1012 1767 Germ.
1030 1728 1060 1787 p.
1072 1712 1121 1780 73,
1140 1709 1234 1768 babitu

138 1810 183 1863 est
200 1821 253 1881 pro
272 1803 413 1861 Centauro
433 1805 543 1881 aliquo,
569 1803 626 1861 uid.
647 1805 719 1881 Hyg.
741 1823 769 1881 p.
789 1820 816 1861 a.
835 1808 866 1877 2,
887 1822 916 1879 p.
926 1804 1000 1878 478,
1015 1822 1117 1862 comm.
1137 1804 1234 1863 Germ.

97 1892 104 1903 ”
138 1900 229 1977 pto.
269 1896 383 1974 Quippe
402 1906 572 1974 negauerant
590 1898 701 1974 quidam
722 1898 862 1956 Centauro
881 1914 940 1954 rem
959 1914 1021 1954 esse
1038 1897 1236 1981 eumtsagittis,

139 1990 304 2052 testantibus
322 1989 417 2048 iisdem
438 1991 546 2049 ibidem.
587 1991 635 2048 His
655 2009 816 2069 responsum
835 1998 878 2048 est
901 1989 977 2048 illurn
996 2007 1091 2048 arcum
1110 1990 1236 2050 Hereulb

68 2072 72 2077 ⁶
138 2102 224 2145 manu
243 2094 350 2161 tenere,
368 2085 496 2163 sagittam
515 2082 637 2143 eiusdem
657 2084 693 2141 ad
713 2083 799 2162 pedes
816 2081 920 2142 babere
939 2081 1132 2159 deformatam,
1152 2094 1237 2162 prout

138 2189 183 2240 est
200 2179 229 2238 in
248 2197 347 2238 eornm.
367 2181 483 2239 Germ:
509 2177 630 2238 iuoubuu
644 2177 681 2236 ud
698 2176 779 2255 pedes
797 2176 950 2252 Sagittarii
963 2178 1035 2234 iuter
1053 2184 1134 2235 ostro
1151 2176 1237 2237 tollo-

139 2280 240 2335 ootoot.
286 2272 371 2332 lidern
400 2273 582 2350 elegantiores
608 2272 760 2329 astronomi
787 2270 957 2329 Centaurum
982 2270 1094 2349 proprie
1120 2268 1236 2344 dietum,

139 2368 237 2442 uiginti
262 2367 342 2423 trium
364 2367 501 2424 minimum
527 2366 668 2424 stellarum
686 2364 849 2440 imaginem,
874 2364 923 2441 qui
944 2363 1011 2422 iudo
1029 2364 1064 2420 ab
1084 2363 1237 2441 Hermippo

140 2460 294 2536 Smyrnaeo
312 2459 384 2528 (uid.
404 2459 553 2536 Lozyuslri,
570 2460 715 2536 Hermippi
734 2458 832 2533 fragm.
855 2457 972 2515 Bounae
994 2460 1084 2531 1831,
1108 2475 1138 2534 p.
1154 2457 1238 2530 132,)

141 2553 248 2611 Chiron
266 2551 356 2611 dietus
374 2552 476 2626 tuerat,
496 2563 611 2630 propter
626 2555 698 2608 Arae
713 2552 878 2641 uicinitayem
892 2549 1022 2625 Pholum,
1041 2549 1169 2627 artmpioii
1185 2566 1238 2627 pe·

10 2668 17 2681 ‘
138 2647 240 2722 titum,
258 2653 497 2721 nunoupaoeruut.
528 2645 579 2703 >lia
597 2646 731 2702 subtilitas
750 2645 848 2702 urirum
867 2663 924 2703 non
943 2654 1003 2718 est,
1032 2642 1108 2721 quod
1125 2659 1236 2703 errores

139 2739 258 2820 peperit.
285 2739 421 2811 Fuerunt,
441 2737 489 2814 qui
506 2737 628 2797 fabulam
648 2737 685 2796 de
700 2737 819 2816 bospitio
834 2739 961 2797 Herculis
973 2738 1122 2816 Sagittario
1141 2744 1236 2815 aptnrn

138 2832 322 2894 transferrent
341 2831 377 2890 ad
395 2829 530 2890 Pbolume
550 2840 582 2890 ut
600 2831 725 2907 uidetur,
744 2831 874 2890 Lucanus
892 2830 991 2892 Pbars.
1010 2835 1041 2906 6,
1060 2833 1139 2906 387,
1159 2838 1237 2889 sorte

56 3000 59 3006 ¹
138 2926 254 2987 Seruius
279 2925 316 2983 ad
334 2928 404 2984 Aen.
422 2927 453 2999 8,
471 2926 539 2984 294.
578 2924 709 2984 Ouidium
736 2943 822 3000 uero,
849 2923 1023 2983 manifestum
1049 2932 1108 2995 sut,
1132 2941 1196 3009 oum
1216 2941 1237 2983 a

59 3088 62 3092 ,
138 3019 239 3082 Clodio
257 3021 353 3078 'l'nsoo
376 3019 429 3077 snb
448 3017 574 3077 Cbironir
600 3018 710 3077 nomino
729 3018 879 3093 Centauri,
903 3019 951 3095 qni
978 3017 1120 3077 bestiolam
1148 3008 1238 3092 tenet,

137 3132 196 3174 non
214 3114 339 3192 sagittas,
358 3122 450 3172 ortum
470 3121 499 3170 et
517 3123 593 3171 reete
611 3111 739 3190 quidem,
758 3110 877 3171 docente
894 3111 1001 3172 ldelero
1020 3131 1050 3190 p.
1064 3110 1131 3184 166,
1149 3106 1239 3168 tradi-

138 3215 200 3266 tum
219 3209 388 3285 accepisset,
415 3205 570 3266 exhibuisse
587 3204 711 3264 sabulum
729 3215 759 3264 et
782 3205 924 3263 stellarum
942 3222 1103 3278 numerum,
1123 3221 1154 3263 u.
1167 3204 1238 3278 414,

137 3298 289 3377 Sogiontii.
309 3329 347 3345 -
365 3298 500 3359 Fabulam
517 3298 630 3361 Orionis
643 3299 673 3373 6,
689 3298 855 3356 486--636
872 3296 933 3357 fere
951 3297 1050 3356 mdern
1068 3295 1162 3371 modo,
1179 3315 1240 3374 quo

54 3382 57 3387 ’
137 3389 265 3468 Hyginus
283 3408 313 3468 p.
333 3408 363 3455 a.
381 3397 410 3461 2,
428 3394 476 3463 34,
495 3412 525 3470 p.
538 3395 595 3451 486
614 3392 699 3451 babet
717 3409 816 3452 comm.
835 3392 933 3450 Germ.
951 3391 1106 3450 Parisiouss
1123 3391 1241 3450 Aristo·

139 3482 256 3544 storbo·
274 3482 340 3543 dioit
358 3481 487 3543 ooobrtsu
505 3485 539 3555 [l.
558 3504 683 3560 oausam,
701 3487 818 3557 limbo]
838 3483 972 3560 aarum
988 3482 1088 3543 otoo
1103 3489 1170 3542 uoto
1185 3500 1241 3560 ps-

139 3579 208 3648 tisos
225 3583 258 3635 ot
280 3573 371 3650 tilium
388 3576 507 3638 mouet.
534 3597 615 3656 poseo
635 3597 712 3656 quem
730 3581 810 3636 louis
827 3585 854 3635 et
871 3580 1029 3638 Mamaos
1046 3582 1074 3633 ot
1090 3578 1243 3654 Neptunus

45 3701 50 3711 ·
138 3671 171 3729 bt
189 3671 221 3743 [l.
242 3674 315 3742 noro]
334 3670 453 3749 bospitio
471 3670 635 3731 domabant.
656 3669 688 3746 [l.
707 3669 894 3743 doemunt]
912 3674 1114 3753 iopmououtot
1131 3672 1167 3744 oi,
1186 3669 1241 3729 lto-

137 3766 225 3823 otioot
244 3763 357 3823 danorst
374 3774 428 3823 eto.
467 3764 556 3823 Paulo
576 3766 657 3822 aliter
675 3764 764 3823 editus
782 3784 812 3843 p.
822 3767 861 3823 76
873 3765 909 3824 B.
929 3773 959 3823 et
977 3763 1092 3822 Seruius
1111 3761 1148 3821 orl
1166 3764 1239 3842 ᾼω.

138 3861 170 3930 1,
189 3855 257 3915 636.
295 3855 393 3917 Fuisse
416 3859 562 3932 dicuutur,
586 3858 634 3935 qui
658 3857 694 3916 de
712 3859 885 3933 Aristonico,
911 3857 1022 3934 egregio
1047 3857 1239 3934 grammatius,

137 3949 336 4026 wgitaoomt,
364 3949 476 4030 dequo
497 3950 562 4009 uide
581 3950 706 4027 egregios
725 3953 916 4029 grammaticos
935 3951 1080 4009 Lebtsium
1099 3946 1140 4016 de
1155 3949 1239 4008 Ar'st.

137 4039 212 4106 stud.
231 4041 317 4100 Hom.
330 4048 389 4121 po
409 4054 439 4103 et
455 4043 644 4105 Muetzellium
664 4043 701 4101 de
719 4045 785 4104 Hes.
802 4045 896 4123 tbeog.
914 4064 944 4123 p.
955 4047 1013 4103 288
1026 4063 1070 4122 sq.
1097 4044 1182 4114 Quae
1195 4061 1240 4102 se·

139 4143 265 4216 quuntor
289 4135 355 4199 inde
373 4156 391 4199 a
409 4156 492 4200 uersu
509 4138 569 4202 637
593 4135 737 4204 macedum
760 4139 858 4200 leniter
883 4137 1072 4219 altigidinnis
1089 4138 1118 4198 in
1137 4156 1237 4198 eornm
