2550 4574
129 252 260 303 xxxam
591 246 765 294 inavattnva

129 412 174 465 ter
190 402 278 464 ferina
290 400 320 460 N
337 400 449 479 algnari.
486 398 546 460 Sed
563 397 637 461 idem
655 406 768 473 manet,
793 414 830 458 oe
847 397 915 477 quin
932 396 973 457 itu
989 394 1095 471 locuit,
1117 394 1235 457 daldae·

129 514 208 573 mar,
234 512 306 555 neae
330 494 359 553 in
385 510 523 554 marmore
548 493 687 554 unciolam
706 493 853 552 canonicae
879 499 1017 570 paternae.
1055 488 1143 559 Quod
1162 508 1236 549 uero

129 588 293 651 Muellerum
310 608 339 646 a.
360 586 396 648 cl.
416 586 453 647 nd
471 586 545 645 hanc
562 587 654 646 locam
672 586 771 645 iterum
789 586 926 663 poenitet,
943 583 1021 663 quud
1040 586 1128 642 uerba
1147 602 1164 643 o
1180 602 1235 644 aa·

129 680 208 757 {mio
226 680 321 756 {mitta
338 677 375 738 ad
392 689 487 739 aotam
506 678 559 738 ΝῬ
577 678 845 754 accommodaoerit,
870 696 927 751 uon
945 676 1031 737 credo
1049 678 1135 736 aliana
1153 678 1236 739 inae·

68 764 71 769 ¹
129 772 300 852 nlrlpoaae,
311 758 349 833 'et
368 773 421 851 ipai
438 773 477 832 illi
496 782 553 831 trea
572 760 659 848 dieo,'
674 773 774 851 quibua
793 772 917 850 pluribus
935 771 1034 829 littecia
1051 782 1164 849 ternpus
1182 760 1235 831 ne·

130 862 232 926 mann
251 884 313 925 cum
331 865 406 925 iacto
425 867 599 925 coniunctum
618 868 795 945 exprimitur,
814 872 976 942 argumenta
994 873 1061 923 aaut
1077 862 1139 923 dica
1154 865 1233 945 prin-

129 959 203 1039 cipio
220 959 419 1020 waotoanon
436 958 523 1018 suinae
540 959 673 1019 Romania
691 960 810 1037 ignotae.
850 956 981 1015 Nefaatoo
999 958 1171 1036 ponterioreo
1189 958 1230 1017 ul·

129 1052 172 1112 loa
189 1051 275 1112 iubae
292 1058 382 1129 nago‚'
393 1053 448 1109 ianr
466 1053 549 1111 etiarn
564 1051 659 1113 Ouidii
678 1051 850 1111 aucteritate.
890 1050 965 1109 Sutia
983 1052 1056 1109 enim
1074 1048 1181 1109 dictum
1196 1048 1235 1109 do

129 1146 172 1217 iia,
190 1144 309 1225 quaein
327 1145 486 1204 uniuersum
501 1144 538 1204 de
550 1143 685 1204 iacturum
699 1144 794 1203 tabula
808 1144 923 1203 monuit.
955 1142 1141 1203 Conferamus
1157 1144 1232 1223 ipro·
1271 1162 1273 1185 ¹

129 1254 192 1299 ram
209 1238 351 1298 menriuar·
361 1236 436 1316 apud
455 1238 531 1296 illurn
550 1246 579 1298 et
596 1239 625 1296 in
643 1256 780 1297 marmore
796 1236 937 1296 Maffeana
956 1236 1183 1316 descriptionem.
1271 1244 1273 1261 ¹

175 1402 178 1407 Ι
205 1331 308 1391 blenolo
322 1330 463 1389 hnuaniua
482 1330 558 1389 nulla
576 1332 605 1388 in
623 1348 656 1390 re
669 1330 772 1390 differt.
798 1330 844 1388 Ne
855 1330 903 1387 illa
915 1320 1039 1408 quidem,
1056 1348 1132 1407 quae
1144 1330 1232 1389 multa

129 1433 194 1503 poet
213 1410 354 1484 coniectae
371 1422 457 1481 iactos
475 1422 631 1482 Maffcauoo
657 1433 735 1501 gesta
754 1422 829 1502 apud
853 1421 985 1482 Ouidium
1009 1424 1231 1491 commemoran-

129 1527 190 1593 tur,
208 1516 304 1595 templi
319 1515 493 1575 Concordiae
505 1526 534 1575 et
547 1517 694 1577 Cauiorum
708 1515 894 1575 dedicationes
910 1515 990 1573 xvss
1001 1512 1054 1573 ΚΡ
1070 1524 1102 1573 et
1120 1514 1160 1570 Vl
1173 1512 1230 1588 KP,-

128 1608 167 1669 da
185 1610 284 1688 quibua
301 1606 365 1668 alibi
383 1609 544 1687 explicatius
562 1609 689 1687 dicetur,
713 1610 815 1684 feriar,
843 1610 883 1667 uti
901 1607 962 1666 fieri
980 1607 1102 1682 accolet,
1127 1606 1232 1665 babae·

130 1710 207 1778 runt,
224 1710 273 1760 aut
292 1712 386 1760 natam
404 1701 459 1761 diei
477 1704 703 1780 immutauerunt,
723 1704 763 1761 uti
781 1720 817 1762 ea
835 1692 1115 1760 faatis'Pracneatioia
1128 1716 1233 1776 cogno·

129 1794 223 1854 nior.
262 1793 369 1870 Feriar,
387 1814 457 1873 quaa
477 1806 562 1875 poeta
582 1816 610 1856 u.
630 1797 797 1856 oar-704
814 1805 1023 1875 commemorat,
1041 1782 1159 1853 suauis
1178 1808 1232 1849 nan

131 1903 193 1947 erre
209 1895 240 1946 et
256 1896 326 1964 quat
343 1889 410 1963 sint,
429 1889 501 1948 inira
521 1890 638 1949 dicetur.
676 1889 743 1948 Dico
762 1890 802 1947 lV
817 1900 846 1948 et
860 1890 899 1948 111
910 1888 960 1947 Kl‘
978 1888 1078 1947 acimua
1097 1882 1234 1955 Macrobii

54 1973 59 1979 ¹
130 1979 193 2040 Sat.
213 1984 243 2055 1,
263 1981 302 2036 14
325 1989 356 2039 et
379 1982 470 2040 Verrii
494 1983 588 2041 Flacci
614 1985 642 2042 in
667 1982 732 2042 scot.
756 1983 859 2043 Praen.
886 1982 1042 2041 tertionardo
1068 1998 1087 2038 a
1111 1978 1235 2055 ΟΜΝ

130 2072 268 2133 dictatore
287 2071 397 2133 additae
417 2083 446 2133 et
465 2083 575 2134 notatos
593 2074 689 2135 factor.
729 2076 806 2135 Alter
830 2094 928 2135 eorum
950 2075 1034 2152 igitar
1058 2086 1175 2153 neaerae
1191 2078 1235 2129 eat

131 2165 168 2223 ab
186 2184 261 2224 anno
278 2167 337 2225 708
355 2165 392 2225 ad
410 2186 515 2227 annam
533 2169 592 2232 759
611 2169 732 2248 aliquam
758 2170 796 2228 ob
821 2186 932 2227 cauam
957 2177 1052 2225 notam
1075 2182 1156 2224 auam
1172 2180 1235 2221 rnu-

131 2260 249 2330 tenerit,
276 2268 305 2317 et
329 2258 441 2318 dubium
461 2280 518 2320 nan
543 2270 603 2337 eat,
630 2262 697 2340 quin
722 2278 784 2321 earu
811 2280 921 2319 ceruam
940 2258 1059 2323 Ouidius
1077 2256 1235 2333 tradiderit,

131 2368 210 2409 aram
224 2351 304 2410 Pacis
317 2353 355 2410 lll
368 2353 416 2411 Kl’
431 2354 517 2413 Febr.
538 2353 705 2415 dedicatam.
743 2354 857 2414 Accedit
875 2355 947 2413 enim
967 2363 1125 2433 opportuno
1142 2340 1236 2411 vara

131 2445 299 2520 auctoritas,
324 2449 372 2522 qui
397 2447 494 2506 eodem
520 2447 566 2506 die
589 2453 645 2507 itar
677 2452 773 2515 Furiae
798 2466 835 2508 eo·
854 2451 886 2508 8.
905 2448 928 2508 ll
945 2447 1030 2525 arco[d
1046 2450 1090 2517 oo]
1110 2444 1155 2505 dia
1177 2462 1237 2504 ora

131 2539 216 2596 Pooia
238 2536 395 2612 Aapacto[e
412 2541 454 2610 ia]
479 2543 589 2600 Martio
615 2543 744 2620 (l[ompo]
769 2543 896 2602 dedicato
914 2545 981 2613 [eJai
1001 2545 1096 2600 Danao
1117 2546 1146 2597 ot
1171 2538 1236 2598 urt-

130 2633 212 2709 aplao
230 2632 326 2703 o[oea.]
363 2632 390 2689 lo
410 2643 451 2691 eat
469 2651 558 2692 annus
576 2634 612 2694 V.
633 2637 667 2695 C.
685 2636 753 2694 745.
792 2636 859 2695 Dies
878 2643 971 2694 autem
989 2634 1115 2710 signatur
1132 2630 1186 2690 NP
1204 2632 1235 2690 in

77 2774 86 2795 ,
131 2723 228 2782 tabula
244 2722 441 2802 Praenestina,
466 2727 535 2801 sed,
563 2738 593 2786 ut
617 2730 720 2807 ubique
742 2730 771 2787 in
796 2727 890 2798 santia,
917 2727 949 2784 iia
973 2724 1070 2783 litterir
1093 2726 1123 2784 in
1148 2744 1236 2785 anana

130 2816 239 2895 signum
264 2819 427 2893 contractio,
453 2819 528 2896 quod
555 2838 611 2878 uno
638 2821 747 2899 apicula
773 2821 866 2897 differt
884 2821 921 2877 ab
940 2818 969 2876 N
989 2819 1123 2879 solitario.
1159 2816 1235 2876 Earn

130 2910 216 2989 igitur
233 2910 373 2989 apiculum
392 2912 542 2991 deperiasc
560 2931 660 2972 cenreo
684 2914 713 2972 iu
739 2915 833 2973 tabula
851 2911 1009 2985 bleffeana,
1036 2911 1102 2988 quia
1126 2918 1236 2969 oerturn

131 3014 175 3064 eat
194 3004 246 3065 NP
264 2994 339 3064 l'eriic
358 3006 474 3084 publicis
493 3008 653 3066 conuenire.
691 3010 794 3086 Atqu,
817 3009 941 3087 inquies,
960 3007 1043 3062 etiam
1061 3002 1098 3062 tv
1118 2998 1169 3061 ΚΡ
1187 3002 1233 3063 le·

131 3097 192 3158 ciac
211 3099 386 3159 ascribuntur
402 3100 511 3159 litterae
530 3100 554 3158 F
573 3101 601 3158 in
620 3100 715 3159 tabula
732 3103 847 3180 Praen.,
875 3100 914 3158 nti
933 3096 1082 3175 Foggiaiuc
1099 3092 1236 3171 affimat,

132 3188 166 3249 ob
182 3208 241 3250 rura
259 3192 382 3270 allatam
399 3192 436 3254 ab
453 3193 581 3271 napum
604 3193 668 3253 leuc
692 3200 807 3269 portam.
845 3193 890 3252 De
915 3209 950 3251 ea
975 3208 1008 3248 rc
1035 3188 1137 3248 uiderit
1156 3188 1236 3266 rag·

131 3282 229 3361 ginlua
268 3284 331 3362 liga
350 3288 424 3345 enim
443 3288 566 3367 priuatae
592 3287 652 3351 illae
677 3289 760 3347 feriar
779 3288 878 3345 domna
897 3287 1038 3362 Augustae
1055 3290 1174 3360 propter
1190 3282 1236 3341 la·

131 3375 183 3435 dac
201 3376 345 3437 Palatinae
363 3379 503 3457 intelligo,
530 3379 567 3438 de
592 3383 691 3460 quibua
711 3379 775 3437 uide
791 3378 874 3437 Dian.
894 3379 944 3452 56,
962 3379 1001 3434 46
1020 3387 1049 3435 et
1067 3376 1235 3452 interpratur

132 3471 190 3530 eiua
208 3471 278 3529 lucia
304 3471 433 3550 publicae
449 3474 542 3532 sactae
561 3474 691 3532 uidentur
708 3492 782 3531 anna
800 3475 877 3547 792,
903 3471 958 3530 Dio
976 3470 1025 3544 59,
1046 3471 1093 3526 16.
1132 3468 1237 3527 Feniae

131 3571 246 3642 propter
265 3580 328 3622 aran
346 3562 488 3623 dedicatae
505 3566 648 3644 aliquoties
668 3578 734 3626 nata
752 3566 804 3624 NP
822 3566 979 3624 indicantur
996 3564 1025 3620 in
1043 3561 1141 3620 tabula
1159 3560 1236 3619 aar·

132 3656 232 3715 ieanar
249 3657 290 3717 lv
300 3656 377 3715 Noa.
394 3656 446 3716 lul.
466 3658 502 3716 ab
522 3678 597 3718 aram
616 3661 696 3719 Pacis
708 3659 824 3719 Nerone
843 3670 871 3718 et
889 3658 965 3715 Varo
980 3674 1050 3714 coeo.
1070 3672 1096 3713 a.
1108 3655 1146 3714 V.
1159 3656 1238 3730 ⁷413

132 3744 227 3810 VKl'
245 3750 325 3828 Sept.
345 3760 462 3829 propter
480 3768 558 3810 aranu
576 3753 714 3811 Victoriae
738 3769 766 3812 a.
785 3751 822 3809 V.
843 3753 912 3826 725,
933 3749 990 3808 uid.
1010 3747 1094 3808 Dion.
1113 3749 1164 3822 51,
1186 3752 1236 3807 Ὦ.

132 3839 177 3900 De
195 3842 249 3901 arb
268 3843 378 3902 Cereris
398 3852 428 3903 et
446 3843 517 3924 Opia
542 3846 570 3904 iu
597 3848 656 3906 aliis
681 3845 815 3904 factorum
841 3847 941 3904 tabulis
960 3860 1045 3923 capra
1068 3840 1176 3901 dictum
1194 3849 1238 3900 eet

133 3952 164 4013 p·
183 3953 233 3997 xx
253 3946 282 3996 et
299 3954 374 3996 111.

209 4029 305 4090 Menae
323 4030 477 4090 Februario
496 4030 593 4091 Nonae
612 4032 735 4091 celebrat
754 4032 883 4108 Ouidius,
902 4030 978 4109 qnod
998 4033 1138 4106 Augustus
1151 4029 1239 4089 Pater

132 4117 243 4182 Patriae
261 4131 328 4183 tuno
346 4124 435 4185 dictus
454 4133 508 4200 eat,
528 4136 557 4186 et
575 4144 668 4187 caerae
687 4145 722 4184 eo
741 4128 852 4187 nomiae
871 4125 1003 4208 appellat.
1035 4123 1237 4200 Fragmentum
