2550 4574
55 260 59 267 '
123 255 213 306 0018
509 254 554 301 DE
576 252 651 301 nme
672 251 826 305 INGERTIS

121 413 241 473 Etrusco
259 413 478 486 tempere-ento
496 404 595 467 coiisse
612 425 669 466 non
686 414 740 480 est,
758 404 836 484 qnod
849 412 983 483 negetor3
1002 392 1141 469 ceetermn
1154 406 1220 480 Mn-

121 508 187 566 nine
202 518 355 584 cognomen
369 500 489 559 Genitne
507 499 625 576 facilins,
644 517 728 579 qoem
747 500 837 578 ipsum
855 518 967 575 nornen,
986 500 1135 559 Etruscum
1154 519 1219 560 esse

118 597 315 659 concesserim:
342 594 408 653 satis
433 603 476 655 est
498 595 523 653 si
542 594 657 653 'diuerso
676 611 693 651 o
713 592 846 652 Larunda
869 613 924 652 nnn
949 592 1021 668 fuit,
1046 612 1131 672 qoam
1150 586 1222 652 nns·'

121 710 205 771 qnam
224 698 336 767 praeter
354 687 508 746 Varronem
528 697 556 746 et
574 689 602 746 in
622 689 718 764 glossis
738 687 877 746 ueteribus
895 687 1040 744 Philoxeni
1058 704 1075 745 e
1093 686 1218 765 Neapoli

57 770 60 780 “
120 784 157 844 nd
175 782 233 843 On.
248 771 279 858 2,
293 784 351 842 599
370 781 497 840 adhibitis
516 783 725 840 commemorari
743 781 875 841 meminis,
888 780 924 839 de
941 779 1075 838 Larentia
1092 781 1217 840 sustineo

120 877 258 936 indicium.
295 875 353 933 Iern
373 875 576 935 ueroenndern
592 875 672 932 ¹lrorrc
694 875 791 933 larium
811 883 927 933 matrem
948 872 1066 933 Ouidius
1087 875 1218 933 lunium

119 970 235 1044 noto,
254 973 370 1028 Mutato
388 988 417 1026 o.
431 968 505 1041 681,
525 971 635 1026 Lernan
654 986 683 1026 n.
697 968 754 1025 oet
773 967 913 1045 appellnt,
935 967 1020 1044 idque
1038 966 1131 1043 solos,
1149 985 1217 1025 nem

32 1110 35 1115 .
119 1063 256 1122 Luctantii
276 1063 353 1121 nolle
371 1070 414 1119 est
432 1063 593 1123 auctoritas.
622 1058 786 1118 Plutarchus
805 1058 934 1150 equidem
951 1058 1070 1119 Num.8
1088 1061 1140 1119 iter
1164 1053 1216 1118 Tri

117 1150 177 1236 γὰρ
196 1156 303 1224 ulrico
323 1152 383 1212 τῶν
401 1145 625 1230 μαντευμάτων
640 1148 682 1222 εἰς
697 1145 835 1221 Μούσας
855 1143 947 1230 ἀνῆγε
965 1149 1016 1209 καὶ
1034 1151 1108 1228 μίαν
1120 1151 1216 1214 Moo-

117 1249 181 1308 oriv
207 1242 368 1317 illogical
394 1238 602 1324 διαφερόντως
628 1241 746 1317 ἐδίδαξε
771 1239 921 1322 σέβεσθαι
945 1238 1018 1315 τούς
1033 1236 1214 1324 Ῥωμαίους,

120 1340 258 1401 Totiens
277 1331 546 1418 προσαγορεύσας,
572 1330 815 1419 οἷονσιωαηλὴν
838 1331 859 1416 ἢ
885 1329 980 1398 ἐνεόν.
1018 1339 1078 1399 Sed
1096 1336 1230 1419 quoeni-'

116 1446 172 1510 tor,
191 1454 251 1494 neo
262 1433 392 1512 expedire
410 1453 533 1512 possum,
553 1444 644 1493 utrom
657 1433 744 1510 Lero,
762 1453 798 1492 on
813 1433 914 1491 Tacito
933 1451 964 1491 re
983 1450 1050 1492 nero
1065 1435 1140 1493 culto
1159 1435 1214 1494 illie

87 1542 89 1547 ’
116 1530 212 1610 ritibns
229 1522 330 1587 ineritz
356 1537 454 1585 neutro
479 1529 500 1586 si
519 1528 614 1603 suerit,
633 1527 681 1587 sed
701 1538 750 1586 ent
768 1527 882 1602 Manio,
908 1537 958 1585 ent
976 1526 1125 1603 Larunda·²
1143 1529 1214 1587 setis

117 1610 251 1682 endncter
267 1622 334 1681 fecit
353 1619 489 1696 Ouidius,
509 1621 671 1699 praesertim
690 1622 713 1678 sl
732 1619 769 1678 de
788 1620 946 1695 Feralibus,
966 1614 1022 1678 non
1041 1620 1078 1685 de
1096 1621 1213 1700 Compi·

116 1717 234 1792 ninus,
258 1715 298 1774 uti
316 1733 401 1793 supra
420 1716 524 1774 conieci
543 1713 710 1792 aliqnando,
733 1714 869 1792 loquitor:
893 1713 1029 1791 potuisset
1046 1715 1075 1773 in
1093 1719 1213 1788 mamis,

117 1811 225 1885 uoto,
242 1810 270 1868 in
290 1811 415 1887 compitis
434 1811 540 1882 utili,
560 1807 589 1864 in
606 1809 680 1866 canis
699 1807 844 1882 οαοῆῐὶρίο,
861 1805 921 1864 nid.
938 1805 1061 1866 Theocr.
1080 1813 1164 1879 212
1182 1818 1212 1868 et

37 1914 40 1921 ’
115 1905 217 1964 Kiessl.
235 1902 273 1963 nd
292 1923 320 1962 n.
332 1904 380 1972 36,
400 1903 520 1961 Hecates
533 1898 686 1961 admoneri.
726 1901 811 1970 Quae
828 1900 942 1978 ponitur
958 1899 1053 1959 fabule
1068 1896 1219 1978 'grommo-x

27 2032 38 2067 -,
91 2022 92 2030 ¹
114 1997 220 2059 ticn'de
233 1996 449 2074 Lelenyrnphn,
465 1994 501 2053 de
512 1997 589 2052 cnius
601 1995 712 2052 nornine
726 1995 837 2072 egregie
849 1994 951 2052 meruit
962 1995 1101 2071 Heinsius,
1119 2011 1212 2074 qnan-

113 2093 216 2153 tunnis
234 2089 378 2150 αοῒίίὶοἰοοο
398 2089 561 2148 concinnate
580 2088 733 2166 interprete
750 2106 806 2145 non
824 2087 938 2164 indiget.

188 2184 332 2243 Postremo
345 2184 437 2242 licebit
448 2181 557 2242 incertis
573 2198 719 2241 assensere
731 2180 960 2242 Poioertinns
973 2179 1054 2241 oens
1071 2199 1138 2260 ques
1153 2200 1209 2260 np-

14 2308 16 2315 ’
112 2278 228 2359 pellnuit
246 2276 363 2336 Ouidius
377 2278 405 2348 4,
418 2279 484 2334 236.
526 2275 584 2332 Hes
603 2274 780 2352 explicandos
799 2275 914 2334 doctiori
933 2273 1013 2332 elicui
1039 2284 1069 2333 et
1089 2276 1206 2334 acutiori
1270 2342 1273 2346 .

112 2373 249 2448 relinquo.
280 2370 412 2439 Quaesini
431 2367 467 2428 de
486 2369 538 2428 dea
551 2368 640 2445 Syrio,
660 2367 726 2426 nihil
745 2370 810 2428 satis
827 2368 956 2427 idoneum
972 2368 1052 2446 potui
1068 2362 1206 2428 inuenire.

114 2464 204 2523 Video
217 2462 333 2519 Paulum
345 2463 466 2520 Marsum
483 2464 662 2539 interpretem
677 2459 771 2521 Ouidii
789 2463 891 2523 saeculi
908 2463 978 2520 sexti
992 2460 1091 2519 decimi
1108 2461 1209 2520 inenu-

112 2559 149 2617 tis
164 2558 203 2614 ite
217 2545 364 2613 innotarer
383 2555 462 2615 nobie
480 2564 571 2615 anton
589 2573 650 2614 nom
668 2553 701 2612 cle
717 2555 769 2614 hoo
786 2554 844 2614 loco
861 2572 1057 2633 qonnercmos,
1075 2553 1211 2628 ῥάαὶίεοί-

35 2724 39 2729 ,
113 2668 177 2710 once
194 2651 336 2724 nutriesque
355 2648 464 2724 ἰαιρααα
487 2652 620 2725 interpres
639 2650 714 2707 omni
735 2648 923 2709 doctrinarum
941 2649 1024 2710 tonos
1041 2649 1210 2711 omittatis-

112 2746 210 2818 eimus,
229 2744 258 2800 in
277 2759 329 2819 quo
347 2760 434 2819 rntpcr
450 2760 583 2817 αιαραααο
602 2744 738 2800 onnam
755 2741 883 2817 focinus,
902 2747 933 2802 in
950 2744 1142 2819 antiquissimo
1162 2742 1209 2816 lp-

109 2841 230 2899 sioorom
245 2838 441 2914 principicmm
458 2822 603 2913 iriterprctc
621 2834 739 2894 οοοαιάἱι
761 2834 903 2908 forium
920 2837 1051 2915 tempium
1068 2839 1099 2894 io
1117 2841 1209 2912 Epiro

110 2931 215 3006 {rimer
240 2933 305 2989 ium
329 2937 356 2989 ct
376 2932 407 2989 in
427 2929 483 2990 olio
504 2947 602 3006 ρααοοο
621 2928 711 2988 codioe
729 2933 924 2991 αααοοίοοίαοο.
962 2936 1022 2990 Hoc
1041 2948 1097 2989 αοα
1114 2931 1209 2990 solnm

39 3051 43 3058 ¹
109 3026 191 3096 milii,
215 3023 264 3084 ord
281 3026 432 3101 Pomponio
451 3041 554 3100 ραοραο
571 3026 720 3084 cunetatio
738 3022 897 3100 indopntori
920 3024 1127 3101 dilipentissimo
1155 3024 1209 3083 rto

109 3122 287 3180 monstrauit.
325 3119 421 3194 Nugas
440 3128 525 3196 puto:
544 3117 571 3174 in
591 3117 728 3191 Eustetlrii
747 3129 823 3176 certe
842 3109 984 3198 προλόγῳ
1004 3117 1065 3176 τῶν
1079 3114 1208 3179 Πινδα-

110 3213 202 3291 ρακῶν
222 3210 420 3289 παραβολῶν
439 3212 505 3269 nihil
522 3210 633 3268 inuenio
652 3209 817 3270 huiusmodi.
850 3212 996 3270 Pnleesten
1016 3200 1111 3271 orbem
1123 3213 1206 3291 Epiri

108 3325 144 3365 ex
163 3306 288 3364 Caesaris
307 3305 507 3363 commentariis
529 3314 557 3362 et
575 3302 690 3361 Lucano
715 3314 808 3362 notem
827 3305 962 3382 Syrorum
982 3304 1117 3362 coloniens
1137 3305 1206 3365 dicit

97 3397 194 3457 1Lnor.
214 3397 309 3473 Lydus
328 3397 365 3454 de
382 3416 475 3474 magg.
494 3404 525 3471 3,
544 3401 594 3456 46.
632 3397 731 3454 Falsus
750 3397 784 3456 P.
804 3398 901 3457 Victor
919 3399 945 3456 in
965 3398 1078 3474 regione
1096 3397 1204 3455 decima

34 3536 39 3545 s
107 3489 232 3550 Palatino
256 3500 381 3547 recenset
403 3491 596 3550 Rhomnooino
621 3490 714 3550 αοᾶαα
739 3500 767 3549 et
792 3493 889 3549 notitia
914 3491 1097 3560 Rhamnusii,
1126 3490 1204 3569 qnod

105 3582 172 3660 qnid
191 3583 243 3657 sit,
269 3583 373 3640 nescio.
410 3583 550 3662 interpres
568 3586 634 3644 tlaii
660 3584 696 3642 od
715 3584 794 3661 Virg.
814 3603 859 3661 ge.
879 3589 909 3658 3,
931 3590 966 3641 12
993 3588 1131 3660 regionem
1149 3588 1208 3643 Io«

106 3675 193 3736 doceo
210 3679 361 3735 Moenum
379 3679 485 3735 nomini
503 3695 613 3737 suornm
631 3677 757 3756 scripsitr
776 3687 870 3756 posset
889 3676 1020 3737 mendum
1037 3677 1139 3738 latere.

407 3897 525 3958 LIBER
542 3897 696 3959 SEXTVS
714 3898 895 3959 DECIMVS.

180 4053 231 4112 Fr.
251 4058 279 4110 1.
306 4052 423 4129 August.
439 4050 508 4113 cd.
527 4027 557 4123 i,
570 4054 623 4110 17:
642 4056 680 4113 In
697 4055 777 4112 tertio
795 4070 878 4129 porro
895 4054 951 4112 isto
969 4050 1003 4112 cie
1021 4051 1076 4112 diis
1093 4051 1202 4112 relectis

103 4153 283 4226 pernequam
307 4145 481 4226 ροααῑοοαοαο
504 4153 547 4206 cet
570 4145 644 4226 quot
666 4164 702 4208 αα
720 4145 846 4208 οααααῑο·
864 4145 998 4224 Herennio
1015 4147 1202 4226 praeloquen-
