2550 4574
134 264 229 314 Lxxu
541 253 674 303 ovtntvo
696 252 842 303 ctonttttt

136 354 168 496 p.
178 412 259 474 68ss
277 408 426 472 secundum
440 406 641 467 Euctemnnem
658 423 696 466 eo
714 407 777 487 ipso
795 405 841 465 dia
858 422 987 466 σσσσιιιαι
999 406 1110 486 scorpii
1129 416 1243 487 notant,

138 517 168 569 et
186 506 305 567 eundem
329 505 390 563 siue
414 502 499 561 dubio
519 501 637 563 Ouidius
655 507 686 577 3,
704 504 772 560 tlt.
810 498 883 558 Nam
909 499 985 579 quod
1010 498 1079 559 dlxit
1103 500 1243 578 ldelerm,

138 601 225 660 uerba
243 595 344 657 debere
358 607 449 656 ortum
468 595 630 673 significare,
650 612 706 653 non
725 595 811 672 magis
830 612 944 655 noemse
962 602 1017 671 est,
1035 612 1123 675 quom
1139 596 1172 671 d,
1184 596 1243 655 ⁴17

140 710 268 754 occatum
286 690 408 750 indicari.

213 783 301 843 Paulo
316 780 472 861 impeditius
486 780 670 865 est-iudicium
682 780 720 840 de
735 788 887 859 postremo,
906 796 989 858 quem
1002 778 1080 840 Naso
1095 784 1242 862 consigna-

139 876 319 951 tantaleo,
346 883 408 934 ortu
435 874 569 933 matutino
589 872 719 947 Orioni,
744 891 832 931 nonae
856 871 985 953 quidem,
1005 875 1041 948 ’6,
1060 874 1133 950 705,
1160 884 1242 954 post·

139 989 223 1051 quam
243 970 280 1029 de
297 969 418 1028 humeris
436 988 466 1029 n.
479 971 536 1027 717
555 966 632 1025 dixit.
667 967 710 1024 Ila
729 966 877 1025 difficultas
895 967 923 1025 in
942 984 978 1026 eo
996 976 1134 1044 uematnr,
1154 970 1240 1049 quod,

139 1065 211 1123 sicut
228 1062 397 1143 supradixi,
416 1070 493 1120 recta
511 1061 603 1119 amnia
622 1059 780 1135 collineant,
799 1060 824 1119 si
842 1061 1021 1139 interpretem
1039 1061 1158 1119 latinum
1172 1062 1240 1139 Lydi

140 1156 293 1216 Leonicum
312 1156 456 1235 sequaris,
475 1155 522 1232 qui
542 1154 597 1212 ulio
616 1152 712 1211 codice
731 1172 812 1227 σατις
830 1153 920 1211 minus
938 1162 1033 1228 recte,
1050 1154 1076 1213 si
1093 1154 1238 1215 editionem
1267 1157 1271 1165 ’

139 1248 331 1310 Purisiensem.
369 1247 453 1327 Apud
472 1247 623 1305 Leonicum
647 1247 686 1305 Vl
705 1245 772 1304 Kal.
793 1245 855 1316 lul,
885 1248 933 1327 qui
951 1257 995 1307 est
1012 1248 1112 1307 tertius
1128 1248 1189 1309 dies
1205 1250 1238 1308 alr

141 1343 206 1402 Vlll
220 1342 299 1418 Kal,
320 1359 458 1423 quemque
470 1338 587 1399 Ouidius
606 1339 672 1397 satis
689 1347 785 1417 aperte
803 1337 917 1415 indicat,
936 1341 1052 1419 tegimus
1073 1342 1241 1401 &ariadne

141 1453 214 1495 noos
237 1437 325 1496 Orion
342 1438 476 1494 cmoritur.
507 1434 549 1492 lta
567 1436 649 1492 etiam
668 1431 797 1508 Ouidius,
816 1432 868 1491 nisi
885 1432 962 1511 quod
979 1433 1239 1510 signatius-nonam,

142 1536 215 1608 quae
235 1531 317 1588 etiam
344 1528 428 1587 biduo
454 1537 519 1607 post
543 1526 618 1603 apud
638 1525 776 1586 Clodium.
815 1524 916 1586 Codex
941 1527 1015 1585 enim
1033 1526 1149 1586 Leornici
1170 1528 1251 1588 inte·

61 1620 64 1629 '
142 1638 222 1699 grum
240 1622 358 1682 lemma:
376 1623 517 1682 Arcturus
534 1619 632 1680 occidit
648 1623 786 1679 matutino
804 1626 832 1678 at
849 1623 926 1679 nisit
942 1622 1125 1698 dompnico,
1142 1620 1173 1680 ln
1187 1622 1242 1682 line

141 1716 243 1773 mensis
263 1714 406 1794 adiungit,
432 1714 508 1793 quod
526 1712 624 1772 eodem
650 1712 732 1788 looo,
759 1712 817 1772 sune
842 1714 943 1774 memis
962 1712 1052 1791 Psgni
1070 1713 1243 1775 Ptolemaeum

142 1806 240 1884 habet,
258 1807 334 1868 unde
353 1808 503 1887 lrr'epsisse·
514 1814 618 1885 potest,
638 1814 668 1865 et
685 1805 762 1884 quod
779 1807 833 1866 vlt
845 1805 890 1866 Id.
909 1806 985 1887 apud
1004 1806 1116 1884 Lydum
1134 1810 1243 1889 legitor,

143 1889 162 1959 i
179 1886 263 1977 ὦμος
276 1901 332 1961 τοῦ
346 1894 494 1980 Ὠρίωνος
508 1891 636 1976 ἀνίσχει,
656 1900 766 1977 omittit,
786 1900 860 1961 unde
871 1900 908 1960 ab
923 1918 960 1960 eo
978 1900 1025 1961 die
1042 1903 1137 1961 omnia
1154 1904 1246 1983 μίση

144 1992 238 2055 nabes.
276 1992 350 2054 Nolo
371 2006 463 2054 tamen
488 1996 547 2054 sine
566 1992 662 2052 ultima
680 1994 842 2053 necessitate
860 1994 986 2055 dieculae
1003 1994 1151 2055 discrimen
1175 1998 1269 2057 inter'

145 2086 278 2151 Ouidium
293 2099 323 2148 et
337 2089 465 2148 Clodium
478 2087 623 2147 admittere
636 2095 666 2146 et
678 2106 741 2147 meo
755 2088 815 2146 inre
829 2087 919 2167 probo
931 2086 1098 2149 deteriorem
1110 2090 1245 2152 codicem.

221 2182 288 2243 Kal.
306 2182 387 2241 Maiis
413 2200 508 2240 rursus
531 2181 593 2240 aine
617 2174 712 2240 codice
730 2168 878 2259 Caseolinl)
895 2179 1000 2239 frustra
1018 2200 1152 2245 memus.
1190 2186 1248 2245 Cs-

144 2274 247 2354 pellam
274 2276 339 2335 oriri
364 2275 430 2335 dicit
456 2274 584 2336 Ouidius.
612 2274 783 2333 ·Leonicus=
810 2277 851 2333 Κ.
871 2274 957 2333 Cossis
975 2274 1149 2336 oooultotrsrs
1169 2296 1248 2340 toras

146 2365 319 2452 descendunt.
352 2369 449 2428 Codex
463 2369 536 2447 Lydi
556 2369 734 2427 uotearImuss
754 2356 873 2436 Mdl'oc.
893 2361 924 2428 ἀ.
940 2357 977 2427 ‘0
994 2364 1052 2444 μὲν
1070 2361 1156 2430 stim
1173 2363 1249 2451 ιιρά-

147 2476 267 2535 νιτεται,
285 2451 397 2539 δρόσος
416 2458 450 2520 tl
469 2455 768 2540 καταφαίνεται.
807 2460 932 2537 Quaeso,
951 2462 1092 2543 quidhoc
1106 2473 1153 2523 est
1169 2466 1248 2524 locu·

146 2554 244 2629 tionis,
271 2570 333 2611 cum
352 2556 404 2612 ista
422 2574 474 2634 per
492 2547 547 2630 μίν
566 2563 595 2613 et
615 2546 651 2612 ἀί
668 2551 900 2631 coniunguntur‘li
926 2554 1024 2632 Legos
1048 2545 1066 2613 tl
1084 2552 1146 2631 ptr
1165 2549 1249 2618 κείων

146 2639 322 2722 κρύπτεται,
342 2638 448 2726 ίριφος
460 2644 494 2707 tl
507 2640 719 2725 ἀναφαίνεται.
738 2639 871 2724 Ἔριφος
883 2647 1000 2726 Capella
1015 2659 1059 2709 est
1069 2649 1151 2729 Lydo
1165 2654 1249 2713 etlam

146 2737 213 2797 VIII
224 2739 290 2799 Kal.
305 2740 372 2800 Mai.
403 2742 446 2800 lta
462 2741 579 2800 Ouidius
598 2749 727 2798 accurate
748 2741 878 2799 conuenit
896 2759 958 2799 cum
973 2742 1082 2815 Clodio,
1101 2755 1133 2805 et
1150 2747 1174 2804 'm
1193 2766 1249 2806 non

147 2831 232 2911 longe
252 2834 331 2892 abest
350 2852 368 2892 a
386 2834 553 2910 Columella,
573 2835 621 2912 qui
640 2818 763 2891 ttt'Kat.
783 2833 851 2891 Mai.
872 2853 955 2894 mane
973 2837 1094 2916 Capram
1112 2839 1192 2917 uuirt,
1209 2841 1251 2898 si-

146 2928 202 2986 cuti
221 2927 304 2986 etiam
323 2929 396 2986 circa
414 2926 487 2986 idem
507 2937 615 3005 tempus
634 2926 822 2998 Ptolemaeus,
842 2927 935 2988 tradit.
1045 2944 1049 2953 ’

222 3020 286 3078 Vno
305 3020 333 3078 in
347 3019 408 3077 looo
423 3016 541 3077 Ouidius
554 3018 707 3079 secundom
720 3019 850 3079 Clodium
862 3030 905 3079 est
921 3019 1122 3100 emendandus,
1142 3031 1170 3097 3,
1180 3027 1250 3087 too.

146 3113 200 3170 Hic
217 3115 290 3173 enim
307 3115 362 3173 ita:
389 3103 405 3171 ὃ
427 3107 600 3191 ἀρκτσῦρσς
618 3107 650 3170 ἐν
669 3102 771 3196 quipp
790 3105 924 3190 ἀνίσχει,
942 3114 997 3174 ίισσ
1015 3125 1074 3192 est,
1093 3118 1184 3177 oritur
1203 3119 1251 3178 lne-

147 3204 227 3265 liace.
267 3210 359 3286 Atque
377 3218 468 3268 ortum
488 3207 597 3265 Bootae
616 3224 643 3263 a.
663 3205 692 3264 d.
712 3206 752 3263 III
770 3205 844 3265 Non.
862 3207 946 3266 Mart¹
965 3212 1087 3286 agnoscit
1105 3213 1138 3271 in
1155 3212 1250 3272 calen-

147 3297 226 3356 dario
244 3299 320 3380 quod
338 3317 423 3378 supra
440 3298 514 3358 edidi
533 3294 622 3358 codex
636 3299 798 3357 Vossianus.
835 3300 965 3361 Extitisce
981 3303 1066 3380 igitur
1083 3304 1161 3383 apud
1181 3324 1251 3385 poe·

146 3397 205 3448 tam
224 3391 289 3449 olim
307 3392 443 3466 existimo,
461 3394 554 3452 littera
572 3411 625 3471 pto
645 3393 725 3469 apice
743 3392 854 3452 additae

344 3472 347 3481 ’
422 3488 558 3562 Euterpet,
577 3487 657 3543 uleus
676 3483 838 3564 allisqiatque
853 3493 926 3556 tuna,

148 3575 179 3633 lt.
199 3593 225 3635 e.
244 3584 348 3656 puncto
368 3578 500 3655 temporis
522 3578 597 3635 iuter
622 3577 770 3637 diluculum
790 3581 946 3658 apparebit.
985 3579 1103 3641 Librorli
1123 3595 1252 3644 astrono-

147 3668 220 3727 miae
236 3669 326 3746 ignari
344 3679 502 3748 utrumque,
521 3669 596 3747 quod
616 3669 726 3747 dicitur,
746 3689 919 3751 concoquere
938 3693 993 3733 non
1013 3686 1177 3753 potuerunt.

223 3761 269 3819 Ite
288 3779 355 3819 uera
374 3762 489 3820 discedit
508 3762 625 3821 Ouidius
645 3783 662 3822 a
682 3765 779 3826 Clodio
804 3768 832 3824 in
853 3766 910 3839 uis,
937 3768 983 3825 ubi
1003 3780 1120 3828 causam*
1134 3771 1165 3831 fo
1200 3798 1253 3823 :v-

147 3850 252 3911 lrabuit.
290 3853 382 3913 Biduo
408 3855 514 3915 distulit
531 3857 648 3934 Aquilae
665 3859 833 3917 mentionem
851 3858 882 3935 5,
902 3863 977 3936 731,
1005 3880 1089 3940 quam
1109 3864 1172 3945 ipsa
1191 3866 1228 3925 VI

148 3943 209 4022 KP,
229 3947 343 4005 Clodius
361 3947 390 4007 X
406 3947 473 4008 Kal.
490 3951 552 4009 lun.
573 3952 695 4029 conspici
713 3950 790 4027 dicit,
808 3971 845 4011 ne
861 3955 961 4013 seriem
981 3956 1063 4014 trium
1081 3957 1193 4018 dierum
1209 3958 1227 4016 ί
1229 3985 1235 4007 2

147 4047 265 4115 storum,
284 4042 330 4118 qui
349 4041 531 4120 praecedunt,
551 4045 751 4123 interpellaret.
784 4045 897 4123 Hyadas
916 4050 1019 4122 ulti
1037 4049 1231 4113 wltoniam

148 4142 178 4192 et
197 4133 324 4214 Aquilam
343 4136 449 4214 5,196
465 4136 533 4200 Kal.
552 4136 614 4198 lun.
635 4140 726 4218 punit,
744 4147 874 4201 accurate
890 4137 1084 4205 Ptolemaeum
1102 4134 1216 4208 secutus
