2550 4574
494 246 545 293 ΑΡ.
567 244 710 295 ovmtvn
1077 247 1160 299 mu

14 425 16 440 ¹
63 398 414 469 llrsstmliobs‘iousri,
433 417 488 476 quo
506 396 602 458 demde
620 396 781 458 oddilioss
798 414 861 458 oum
878 398 964 459 esto
980 397 1160 476 Vrbisfusds

14 544 16 550 .
60 503 228 573 mutan,
247 512 269 553 o
283 495 434 570 purlwiorr
451 491 532 553 olods
547 493 697 553 Alliuam
715 492 902 572 oppetierunt.
939 492 1080 554 Plutarch.
1099 499 1160 557 Co-

62 586 121 648 rsill.
141 607 167 646 a.
186 591 240 647 llis
263 580 399 664 Ἐγίνετο
426 580 461 645 dd
483 577 505 663 ἦ
524 581 610 664 μάχη
634 582 702 667 arpi
725 579 844 665 sponde
861 580 990 664 θερινὰς
1013 585 1083 666 περὶ
1100 583 1158 666 reis

64 675 261 758 πανσέληνον,
278 663 301 760 ᾖ
319 675 372 741 rol
390 672 541 758 πρότερον
559 671 660 761 ἡμέρᾳ
677 671 756 757 μέγα
776 671 881 748 πάθος
898 673 1014 758 συνέβη
1033 675 1069 740 sd
1089 680 1159 763 περὶ

66 769 129 845 nobe
148 769 303 851 Φαβίους.
342 776 435 834 Tacit.
454 775 518 834 bist.
542 780 573 850 2,
592 776 649 831 tila
667 773 738 832 diora
757 791 787 832 u.
806 770 833 830 d.
853 775 914 830 XV
930 773 1000 832 Kal.
1018 776 1092 853 Aur.
1111 782 1159 838 io·

66 868 186 943 fusum
208 870 376 929 ὓιιιιιιιιιιί
396 868 566 945 meatque
587 865 722 926 alodibus.
766 867 845 925 Haec
868 866 981 927 flmnrs
1004 885 1040 929 ex
1064 888 1161 931 errore

13 980 33 1016 ι
66 963 129 1021 liri
146 964 175 1022 io
196 963 290 1021 uerbis
309 962 397 1021 Casn‘i
415 962 565 1036 Heminae,
585 978 658 1038 quae
676 960 779 1037 allegat
796 959 884 1022 Maur.
904 966 933 1037 1,
954 965 1005 1020 liis
1035 964 1070 1036 Q.
1089 964 1161 1023 flul·
1250 1010 1257 1021 .

13 1071 32 1109 ι
64 1053 1160 1134 ‚asmunsdouattsossudusrsusuottospupsoussmssm

26 1214 29 1226 ,
63 1168 124 1210 aser
140 1150 297 1211 Mundi
312 1151 409 1225 protis
425 1146 525 1223 fauisse
540 1146 660 1225 postrid.
678 1145 723 1205 Id.
746 1148 854 1220 Μαι,
872 1151 937 1206 item
954 1149 1032 1226 opud
1050 1152 1160 1212 orm

12 1241 555 1331 smmsltirousulliatrrnporibus
578 1248 605 1301 at
630 1241 699 1300 loeis
723 1239 1160 1323 portamioisrudispostm

12 1334 21 1383 l
59 1337 223 1398 ιιΙώιιιιιιιι
239 1336 315 1397 stols
332 1340 445 1396 omnes
463 1333 629 1411 oontiiulrrut,
648 1334 677 1393 id
698 1333 798 1393 durum
815 1345 857 1393 est
875 1336 991 1396 eredere
1007 1339 1160 1400 Vaassenio

12 1420 14 1462 ἶ
58 1432 155 1510 paul
167 1430 329 1491 affirmanti.
355 1430 505 1508 Vulgarern
519 1432 675 1509 opinionem
689 1429 845 1506 putauerim
857 1429 945 1505 illam,
965 1449 1049 1509 quam
1066 1444 1159 1495 tameo

57 1525 145 1584 tnulto
163 1526 256 1584 minus
268 1525 414 1604 probabile
424 1533 468 1583 est
483 1523 615 1584 Ouidium
633 1524 763 1600 ignorare
776 1525 919 1600 potuisse,
928 1543 1001 1603 qnae
1013 1526 1161 1588 Niebnbrii

57 1628 105 1679 est
127 1620 266 1683 moentiu
292 1618 355 1680 bist.
374 1619 430 1678 Ro.
449 1624 480 1693 ²,
498 1624 614 1696 p.222,
640 1634 703 1675 eum
722 1617 878 1694 suspicatur
896 1636 952 1676 noo
972 1618 1105 1679 decretos
1123 1624 1161 1681 ab

54 1730 97 1771 eo
115 1712 172 1773 dies
188 1715 280 1773 exitus
292 1722 322 1771 et
338 1713 467 1771 interitus
482 1712 643 1771 Fabiorum.
673 1711 771 1781 Quare
788 1712 828 1769 ita
845 1713 946 1785 sentio,
965 1723 1015 1771 aut
1033 1712 1162 1777 babuha

53 1805 194 1869 Ouidana
208 1824 296 1886 quero
314 1816 478 1884 sequeretur
495 1809 523 1864 io
541 1823 593 1865 sua
606 1804 744 1865 sententia
762 1801 892 1863 idoneum
911 1805 1031 1882 aliquem
1051 1818 1162 1886 testem,
1210 1818 1213 1825 '

51 1910 86 1960 st
103 1902 237 1963 maluisse
253 1902 329 1959 bane
346 1898 454 1959 cladem
474 1898 528 1957 boa
546 1900 626 1974 loco,
646 1916 730 1976 quam
750 1906 898 1976 utramque
915 1898 1048 1968 Quioelili
1066 1921 1163 1965 mensa

51 2004 269 2070 unare,'aut
293 2012 393 2053 reuera
409 2011 467 2051 uon
493 1993 530 2051 de
555 1991 602 2050 die
626 2011 683 2069 quo
701 1992 852 2069 perierint,
876 1991 927 2049 sed
952 2013 1011 2071 quo
1034 1999 1162 2076 exierint,

50 2090 211 2167 scripsisset
247 2089 320 2146 vrut
343 2097 405 2162 est,
431 2084 517 2144 oredo
542 2085 579 2142 de
603 2084 658 2142 ban
676 2083 853 2163 expeditione
872 2083 910 2153 Q.
929 2085 1048 2145 Fabium
1067 2090 1161 2150 Picto·

51 2202 118 2243 rem
136 2185 168 2242 in
186 2182 332 2241 annalibus
347 2180 525 2259 exposuisse,
544 2178 603 2237 uid.
623 2179 706 2238 Nieb.
720 2185 753 2253 2,
771 2197 801 2255 p.
815 2180 847 2250 9,
873 2188 903 2235 et
922 2196 985 2236 eum
1003 2180 1107 2259 duplex
1124 2185 1163 2245 da

54 2295 94 2334 ea
111 2277 247 2334 unum-ia
265 2273 367 2332 tradita
386 2273 488 2347 luerit,
510 2272 594 2331 Dion.
616 2273 680 2331 Hal.
700 2275 803 2344 9,’18,
830 2269 909 2326 Fabii
934 2276 1114 2349 copiosiorem
1133 2290 1168 2339 et

56 2370 249 2447 gloriosiorem
276 2368 461 2426 narrationem
486 2367 590 2439 luisse,
616 2383 678 2423 earn
703 2365 784 2437 dieo,
811 2382 895 2441 quam
912 2365 1060 2440 Dionysius
1079 2389 1103 2428 r.
1124 2378 1161 2430 21

57 2473 137 2520 extr.
155 2455 317 2538 πιςοτέραν
344 2461 489 2539 perbibet,
517 2477 646 2536 quaeque
671 2479 733 2516 oum
753 2457 892 2518 Ouidiaua
917 2464 1066 2539 conspirat.
1105 2466 1163 2525 lanr

60 2575 136 2614 uero
156 2556 224 2613 illius
241 2555 377 2612 ubertatis
396 2555 423 2614 in
443 2571 475 2611 re
486 2554 624 2630 gentilicia
642 2564 703 2611 erat
722 2553 795 2611 diem
812 2555 903 2631 ipsum
915 2562 952 2612 et
970 2574 1091 2615 mensem
1111 2578 1163 2618 no-

9 2630 13 2643 ’
62 2650 134 2724 tari,
159 2648 233 2726 qnod
256 2656 286 2705 et
312 2648 378 2704 alias
397 2648 515 2705 Fabium
533 2647 672 2705 Pictorem
699 2646 797 2705 fecisse
821 2647 922 2706 seimus
945 2666 982 2706 ex
999 2650 1163 2727 Plutarcho,

9 2740 13 2797 ἱ
60 2742 144 2800 Rom
163 2745 202 2799 14
221 2741 281 2800 init.
315 2740 412 2798 Fuerit
436 2742 519 2818 igitur
546 2740 600 2798 boe
623 2759 732 2798 socrum
760 2741 796 2798 ab
823 2738 926 2799 Ouidio
953 2761 987 2800 ex
1013 2745 1164 2806 osualdus

62 2838 162 2911 prioris
176 2844 300 2894 erutum.
338 2831 381 2891 nd
401 2834 610 2893 Cremereusem
628 2833 737 2891 cladem
756 2844 867 2908 tamen,
892 2854 947 2893 non
967 2838 1002 2893 ad
1022 2856 1164 2914 egressum

64 2927 213 2988 Fabiorum
224 2927 329 3001 refero,
344 2946 401 2986 uon
415 2947 472 3004 quo
486 2927 616 2986 historiae
631 2928 731 2986 rectius
746 2927 917 3001 consulatur,
929 2930 1164 3006 quemadmodum

65 3020 229 3081 Vaasseuins
248 3021 389 3100 disputat,
406 3024 480 3099 *quia
499 3023 623 3099 quinque
640 3024 775 3080 meusium
800 3023 921 3101 spatium
942 3024 1024 3080 rebus
1043 3027 1126 3099 gestis
1145 3044 1163 3083 a

65 3111 194 3190 Dionysio
220 3114 327 3173 traditis
354 3115 451 3172 melina
476 3117 641 3191 conueniat,
668 3135 753 3193 quam
779 3116 936 3192 quindecim
962 3115 1084 3193 dierum3
1111 3120 1165 3178 ista

68 3206 138 3263 enirn
157 3206 246 3268 multo
273 3207 412 3266 dexterius
437 3208 567 3286 expedita
590 3219 655 3267 sunt
677 3227 729 3286 per
748 3209 949 3267 Niebobriunrr
975 3209 1026 3267 sed
1044 3211 1110 3289 quia
1130 3230 1166 3272 ex

8 3312 11 3359 ἴ
70 3300 174 3376 wpiura
192 3299 290 3359 Ouidii
309 3303 466 3359 narratione
485 3302 589 3380 aliquid
607 3312 684 3359 uerte
702 3319 797 3359 mense
816 3302 957 3373 Quinctili,
976 3323 1059 3381 qoem
1078 3316 1166 3382 certe,

7 3420 24 3455 s
70 3410 128 3451 m
144 3394 215 3455 haee
231 3395 367 3454 scriberet
374 3422 393 3469 ,2
411 3396 614 3472 oompositurus
633 3404 714 3470 erat,
741 3395 782 3452 uti
801 3397 939 3474 posterius
958 3397 1064 3474 disces,
1083 3418 1167 3478 repe-

7 3514 28 3553 s
71 3487 177 3546 tendum
195 3488 313 3563 fuisset,
340 3490 363 3546 si
388 3490 416 3545 iu
435 3488 610 3566 profectione
629 3489 780 3547 Fabiorum
799 3506 835 3547 ex
856 3489 936 3549 Vrbe
955 3505 1086 3552 euentum
1105 3497 1165 3553 eius

7 3604 31 3647 μ
73 3581 107 3637 rei
124 3580 248 3641 ultimum
266 3583 350 3640 animi
369 3600 453 3641 rausa
468 3582 625 3642 addidisset.
655 3583 768 3661 Absque
785 3583 840 3642 boe
857 3583 942 3661 soret,
961 3586 1035 3644 sarili
1054 3587 1166 3663 negotio

75 3682 176 3747 poterat
193 3677 249 3753 legi
267 3693 349 3733 uersu
370 3676 444 3734 195:

28 3818 34 3827 .
262 3773 342 3828 Haeo
359 3768 417 3842 furit
433 3769 487 3829 illo
504 3769 573 3840 dies,
591 3790 609 3828 a
627 3786 684 3846 qua
704 3771 862 3831 Veientibus
880 3775 961 3832 aruir

76 3863 105 3913 et
117 3858 181 3918 illud
197 3862 304 3939 premi,
328 3872 440 3939 poetam
459 3864 487 3921 in
507 3864 583 3921 exitu
601 3863 783 3924 describendo
803 3887 830 3924 u.
851 3870 1027 3941 197-202,
1046 3888 1076 3926 u.
1096 3873 1166 3945 233,

6 3974 43 4022 ‚a
82 3949 139 4007 nrt·
150 3955 286 4030 ωρίοιιιιιι
304 3973 377 4031 οισι,
396 3955 434 4015 ad
453 3956 585 4015 tuendam
603 3956 725 4037 dern'que
743 3960 942 4020 correctionem
957 3961 1081 4027 adbiberi
1100 3982 1166 4022 usus

6 4106 10 4127 ,
34 4059 43 4108 ι
86 4037 198 4118 bonuti
216 4047 284 4106 liet.
304 4052 335 4123 s,
354 4051 430 4108 ntra

228 4143 366 4219 Spumeus
383 4150 411 4201 at
427 4141 540 4216 sameas
558 4152 586 4203 ot
604 4144 643 4207 ab
659 4145 749 4205 obiioe
765 4147 878 4205 roario
894 4145 967 4219 ibut3
