2550 4574
41 368 44 373 Α
140 308 241 359 onxvr
307 272 311 280 ’
598 303 642 351 nn
665 302 774 352 sucuro
807 315 809 323 v

139 456 302 525 Misoondoo
317 473 414 536 poree,
432 453 573 534 intelligo:
592 453 669 534 torpe
687 452 796 534 opoiot.
835 454 900 515 Non
920 454 1050 534 equidem
1070 454 1201 533 alterum,
1220 460 1245 517 si

140 556 202 616 libri
222 553 317 635 optimi
335 550 485 619 haberent,
509 549 655 609 molestum
675 560 765 627 esset,
786 549 1017 629 quemadmodum
1037 550 1062 608 si
1080 550 1142 628 quis
1167 551 1247 630 apud

57 666 60 671 ’
140 648 283 708 Tibullum
299 650 327 717 3,
337 646 366 720 o,
378 648 396 700 3
412 646 516 721 parim
526 642 683 704 medicando
694 646 846 721 intelligere
860 644 926 703 uelit
940 643 976 702 de
990 644 1126 703 mixtione
1132 644 1245 704 Graeee

139 743 207 817 uini,
227 733 295 799 ἴσον
309 731 385 808 ἴσως
398 747 428 795 ut
445 748 487 796 est
499 737 574 816 apud
585 739 757 798 Athenaeum
774 745 822 815 10,
834 742 885 798 ²7:
906 738 1103 816 simplicissima
1116 739 1177 797 eius
1189 741 1244 799 loei

139 828 329 913 interpretatio
350 850 383 890 ex
399 830 455 890 Οιι.
469 841 522 891 art.
537 850 591 892 am.
608 837 636 908 1,
651 832 709 891 256
722 833 794 918 fugit
809 831 978 890 Huschkium
998 840 1084 907 certe,
1104 833 1151 890 alii
1170 836 1243 891 enim

7 939 10 943 ’
139 928 176 989 ad
196 947 307 986 manum
326 928 383 985 non
402 936 467 987 sunt
486 927 669 1004 interpretem
684 925 782 986 ¹metuo
801 944 838 984 ne
853 935 989 1004 occupata
1007 927 1054 1001 sit,
1072 925 1173 1004 putido
1187 947 1245 985 non

140 1028 194 1080 est.
212 1068 216 1079 ,
232 1016 389 1079 Proximum
418 1030 460 1080 est
484 1021 612 1078 columba
637 1019 798 1078 sacrificium
819 1038 848 1078 u.
868 1020 944 1094 451,
967 1020 1015 1078 ubi
1036 1038 1092 1078 non
1118 1018 1244 1078 dubitaui

138 1115 247 1173 Heinsii
270 1114 442 1192 ingeniosam
468 1115 654 1195 oonieetpram
680 1123 905 1191 repraesentare,
932 1112 969 1170 de
995 1130 1051 1190 qua
1071 1112 1244 1172 Schraderus

130 1209 289 1267 ¹iuuenibus·
304 1207 361 1266 suis
379 1209 419 1266 ite
438 1206 567 1288 diptauitz
594 1207 672 1266 Aoos
690 1207 797 1284 quidem
817 1205 925 1266 eolides
942 1207 1055 1282 proptio
1073 1205 1128 1266 dini
1145 1210 1245 1284 soponit

141 1304 324 1367 Bnmnonnua
343 1307 425 1377 otpm
443 1297 667 1376 ideonulpatom
685 1299 864 1360 omnimodum.
897 1298 955 1360 Sed
971 1298 1105 1359 dnnnodi
1122 1299 1244 1374 defensio

140 1374 246 1467 friuolo
264 1401 306 1454 est
324 1401 351 1452 ot
369 1395 462 1452 miliae
482 1389 606 1469 indipno.
645 1396 713 1457 Non
732 1398 890 1472 minoritae,
909 1411 976 1452 num
996 1390 1081 1451 calidi
1095 1391 1151 1450 soci
1173 1401 1245 1453 reolo

140 1487 195 1547 diei
213 1495 326 1565 queunt,
347 1486 419 1565 prod
437 1505 516 1548 nonen
533 1486 657 1563 nonnuli,
675 1487 724 1548 sed
737 1506 804 1546 num
819 1486 882 1546 nou
901 1485 960 1546 loeo
979 1488 1152 1556 conueniunt,
1171 1486 1244 1564 quod

139 1577 232 1641 solido
261 1585 369 1642 notione
392 1583 504 1659 neponit
527 1583 670 1642 Heinsius.
720 1581 879 1640 Proximum
907 1588 950 1639 est
975 1579 1053 1638 isidis
1082 1580 1244 1639 sacrificium

139 1693 170 1734 u.
185 1675 263 1751 453,
289 1675 325 1734 de
352 1694 407 1753 quo
433 1678 570 1734 annotatis
596 1677 633 1734 ab
657 1675 770 1734 Heinsio
796 1673 909 1732 adiicies
934 1673 1099 1732 Pausaniam
1128 1676 1176 1751 10,
1198 1681 1244 1746 32,

139 1767 215 1826 unde
233 1769 350 1828 maxime
369 1768 505 1848 intelliges
524 1786 575 1830 eon
592 1768 675 1830 imno
695 1768 816 1827 dicatur:
837 1758 953 1827 θύουσι
973 1760 1008 1825 di
1027 1762 1079 1825 nol
1096 1765 1175 1844 βοῦς
1192 1765 1244 1826 nol

140 1851 274 1940 ἐλάφους
299 1855 330 1920 oi
357 1854 615 1940 eddncponigapoo,
641 1853 711 1920 dom
735 1855 771 1920 dd
797 1857 873 1923 elom
900 1850 1082 1930 ἀποδέοντες
1108 1853 1244 1942 mindam,

139 1949 191 2013 nni
208 1955 309 2032 χῆνας
327 1952 382 2016 noi
399 1949 532 2034 ὄρνιθας
555 1947 614 2025 τὰς
630 1948 842 2034 μελεαγρίδας.
879 1945 932 2014 dol
950 1947 985 2012 δὲ
1004 1947 1037 2024 ἔς
1055 1947 1111 2032 τὴν
1129 1949 1246 2014 θυσίαν

139 2040 179 2107 od
198 2045 373 2127 νομίζουσιν
397 2044 469 2109 οὐδὲ
492 2042 556 2109 olel
577 2048 722 2126 χρῆσθαι
747 2043 798 2109 καὶ
818 2041 907 2119 αἰξίν.
947 2048 1092 2111 Consentit
1109 2049 1246 2126 interpres

142 2142 309 2202 Veronensis
324 2143 360 2204 ad
373 2145 442 2204 Aen.
456 2150 486 2220 2,
497 2143 566 2203 714.
602 2141 747 2219 Postremo
768 2142 804 2200 de
822 2143 896 2220 gallo
914 2142 1066 2220 gallinaceo
1085 2140 1161 2218 quod
1181 2158 1246 2198 nar·

142 2239 221 2294 'ratur
240 2256 269 2294 u.
283 2235 412 2313 455,56,
436 2236 623 2298 dilli'cillimum
643 2236 856 2315 estexplieatur
882 2236 959 2297 lubet
982 2232 1093 2293 differre
1112 2234 1244 2312 aliquan*

142 2329 229 2407 tis'per
247 2330 275 2388 lo
295 2333 396 2390 librum
415 2331 481 2393 xlv
500 2341 551 2390 aut
568 2326 623 2390 XV
640 2333 840 2411 quaestionem.

495 2552 612 2611 LIBER
631 2551 894 2613 DVODECIMVS.

27 2710 33 2721 '
150 2696 156 2705 Χ
219 2702 333 2780 Fragm.
370 2701 479 2762 Nonius
498 2705 659 2782 p.510‚2=
687 2707 780 2765 Vonr‘o
797 2722 889 2764 rernm
907 2701 1081 2762 dininornnrt
1105 2702 1248 2763 atomo»

143 2801 183 2854 nt
201 2795 283 2856 deon
303 2795 422 2858 colore
440 2794 538 2856 debet
557 2801 798 2858 commonitus
823 2801 978 2868 cinitos,
1002 2799 1057 2855 sio
1074 2793 1248 2871 oinpnloo

143 2887 309 2962 familiae
328 2888 488 2950 dolemus.

219 2984 357 3064 Exempla
376 2984 444 3043 dant
462 2986 562 3044 Festus
581 3003 611 3062 p.
621 2985 691 3062 242,
703 2988 742 3045 28
756 2984 832 3044 dext.
853 2984 911 3044 dios
928 2979 1047 3051 natales,
1066 2981 1248 3057 operationes,

145 3072 294 3153 deneeolom
315 3079 507 3137 Tertullianus
526 3078 562 3136 de
580 3077 676 3138 idolol.
691 3100 721 3158 p.
733 3081 791 3138 624
807 3078 851 3139 ed.
863 3077 945 3137 Pane
968 3075 1049 3135 mmo
1067 3069 1165 3146 oflioin
1182 3091 1250 3131 nero

1 3212 2 3215 ,
99 3233 100 3239 ἵ
146 3171 323 3242 pnnotomm
342 3181 368 3231 oo
388 3175 570 3233 communium
588 3173 786 3232 solennitatem
805 3179 837 3231 nt
855 3179 935 3249 nopae
951 3185 1055 3246 muno,
1078 3172 1250 3245 mppmoo-

146 3257 224 3330 dnm,
243 3269 275 3319 nt
292 3265 469 3341 nuptialium,
487 3271 520 3324 nt
538 3266 718 3326 nominalium
736 3265 844 3325 numam
864 3270 956 3342 putem
973 3258 1133 3340 mustum.
1173 3261 1251 3318 Haeo

146 3353 298 3412 seeundum
310 3357 423 3415 Festum
439 3356 569 3417 uidentur
586 3359 661 3418 diota
678 3359 766 3417 fuisse
780 3375 865 3418 soora
877 3358 1007 3437 proprio:
1026 3352 1064 3412 de
1076 3353 1176 3431 quibos
1188 3352 1252 3411 sere

145 3443 201 3502 Dio
213 3446 290 3507 Cass.
305 3450 353 3524 57,
366 3456 415 3509 ll:
437 3441 453 3508 d
477 3445 621 3527 Τιβέριος
641 3452 707 3520 τοῖς
726 3438 1031 3528 ἑταίροις-θύουσι
1050 3437 1250 3522 σιἰνεῶρταζι.

146 3541 208 3597 Alia
227 3559 294 3599 uero
312 3551 377 3600 sunt
395 3562 468 3622 quae
483 3536 643 3622 συγγενικὰ
657 3543 723 3603 dicit
734 3545 882 3626 Dionysius
895 3542 959 3601 Hal.
971 3546 1003 3615 2,
1017 3539 1067 3616 dd,
1083 3538 1160 3599 uelut
1179 3557 1252 3616 gen·

147 3633 183 3692 tis
204 3634 340 3693 Claudiae
358 3635 549 3712 propositiones
567 3656 677 3716 ponnus,
695 3639 772 3700 Fest.
792 3657 822 3716 p.
833 3640 903 3716 238,
917 3639 955 3695 17
973 3634 1050 3694 dext.
1163 3654 1166 3663 ·

225 3727 268 3786 nd
289 3727 419 3788 Ouidium
439 3730 549 3790 festino.
582 3731 771 3794 Domestioum
789 3728 902 3809 aliquod
921 3726 1085 3801 sacrificium
1107 3731 1138 3802 2,
1151 3730 1190 3787 23
1208 3728 1252 3785 in-

149 3815 236 3876 dicari
255 3819 380 3897 uidetur,
401 3824 526 3882 codicum
546 3833 639 3884 tamen
659 3826 813 3904 scripturae
832 3826 910 3882 uocis
928 3832 1088 3902 postremae
1106 3830 1200 3878 metuo
1220 3831 1254 3879 ut

149 3913 281 3988 explicari
301 3916 415 3990 possint.
453 3917 523 3975 Siue
548 3918 752 3977 emendandum
774 3927 818 3978 est
839 3919 946 3993 omnia,
963 3912 1048 3995 'quod
1067 3913 1173 3973 recedit
1190 3915 1253 3972 lon-

150 4003 211 4082 gius
237 4022 255 4062 a
279 4007 412 4067 librorum
438 4010 601 4070 auctoritate
629 4024 658 4071 et
683 4013 756 4072 tueri
778 4029 811 4071 se
834 4019 927 4089 potest
945 4010 1070 4069 Senecae
1094 4006 1253 4086 fragmento

149 4097 226 4176 apud
240 4099 401 4161 Diomedem
422 4110 451 4179 1,
470 4123 499 4182 p.
510 4103 566 4162 375
578 4103 622 4174 Ρ,
641 4105 702 4164 siue
717 4103 863 4184 legendum
882 4109 986 4174 manns,
1005 4099 1082 4180 quod
1101 4100 1130 4158 in
1151 4099 1254 4159 codicis

149 4191 382 4262 ltlellersdorliani
401 4197 536 4283 praeelati
555 4198 709 4278 scriptura,
732 4196 844 4282 qualem
869 4197 929 4261 aliis
952 4198 982 4257 iu
1004 4195 1072 4287 loeis
1092 4194 1253 4280 obseruaui,
