2550 4574
150 264 231 313 XCiV
428 216 436 241 κ
545 260 685 310 venitm
706 260 849 311 annecte

148 416 271 479 moeris
288 430 421 492 marus
438 432 499 474 esse
516 411 679 492 Polyidum,
699 414 756 475 nid.
776 416 851 493 Hyg.
869 412 1020 493 genesii.
1038 418 1113 493 1³6,
1135 416 1254 479 onim

148 510 281 585 cadauer,
299 519 330 567 ut
348 510 376 566 in
395 517 507 567 metam.
527 512 555 584 8,
574 511 648 568 4962
671 508 829 587 polidosqoe
846 509 970 569 hostilis
986 510 1114 570 smirne
1137 510 1194 571 cir.
1214 510 1252 573 de

147 603 277 665 moedus
300 601 439 661 Secund
459 605 527 661 Aen.
551 606 581 676 3,
596 604 663 660 63.
685 601 859 662 θὺσσηιώαὒ
883 614 1021 664 mortuum
1048 622 1157 683 augur,
1183 604 1251 666 dnm

48 708 52 719 “
148 698 268 756 inclusus
286 714 350 754 cum
368 714 403 756 eo
422 695 459 754 de
476 695 634 753 suscitando
654 695 780 756 meditari
798 697 916 776 cogitur.
953 702 1046 777 Atque
1058 698 1196 760 hactenus
1213 698 1250 760 da

30 818 32 823 ·
147 806 181 850 re
198 794 382 848 astronomica
400 790 438 847 ab
455 788 558 848 Ouidio
576 797 720 849 exornata.

223 882 314 941 Venio
334 900 409 940 nunc
427 880 463 939 sd
481 881 658 960 antiqnitates
676 899 768 940 sacras
788 883 824 941 ab
837 881 940 942 Ouidio
959 881 1086 960 traditas,
1105 902 1182 964 qnae
1198 904 1248 947 ne·

145 993 203 1055 qne
221 976 320 1054 exigua
337 993 403 1053 pars
422 976 548 1032 carminis
567 984 627 1051 est,
653 983 684 1033 st
708 976 906 1055 plerorumque
930 976 1030 1035 indicio
1050 979 1125 1037 iectu
1144 978 1246 1057 dignis-

144 1072 233 1145 sima,
259 1087 352 1147 neque
370 1076 462 1127 tamen
480 1077 531 1126 aut
549 1069 686 1146 explicata
704 1068 786 1143 satis,
813 1079 863 1127 aut
879 1069 966 1128 facilis
984 1070 1022 1126 ud
1039 1072 1243 1149 explicandum.

143 1162 190 1223 De
209 1180 243 1220 es
261 1180 293 1221 re
311 1171 424 1240 practer
437 1162 555 1240 paucula
570 1162 707 1240 quaedam
725 1162 799 1221 iuter
815 1161 944 1221 historica
958 1179 1042 1240 supra
1062 1180 1079 1221 a
1099 1164 1181 1223 nobis
1196 1182 1244 1224 oo·

144 1265 249 1333 napata
267 1254 359 1313 omnia
377 1254 484 1330 reliqna
501 1264 580 1313 sunts
607 1275 662 1314 non
681 1256 764 1333 igitur
782 1264 848 1314 aute
866 1254 920 1313 hoc
939 1262 1132 1334 argumentum
1150 1257 1244 1316 dimit-

144 1356 252 1422 temus,
276 1365 360 1427 quam
385 1346 438 1405 hac
463 1357 493 1405 et
516 1349 641 1425 proxima
660 1352 679 1423 9
697 1347 880 1407 fundamento
898 1351 976 1426 qnasi
995 1350 1163 1427 quaestionis
1180 1361 1242 1410 soto

142 1441 251 1519 singula
274 1458 404 1519 quaeque
423 1444 729 1501 commemorauerimus
747 1452 835 1501 certe.
872 1441 947 1500 Nihil
967 1444 1039 1501 enim
1058 1443 1243 1521 praeterhac

143 1545 290 1615 praestare
308 1534 408 1594 audeo.
447 1535 513 1594 Non
538 1536 652 1612 dubito,
678 1538 745 1615 quin
772 1535 870 1595 honsm
896 1554 998 1594 cerum
1011 1537 1195 1614 intelligentes
1212 1547 1242 1597 at

142 1628 378 1709 probatorium,
403 1640 433 1688 et
460 1631 630 1708 expectaturi
649 1628 791 1689 exordium
815 1630 886 1687 anmi
906 1628 943 1687 de
959 1646 1011 1699 eo,
1037 1647 1105 1687 num
1124 1628 1242 1691 Ouidium

140 1723 233 1782 Vesrii
245 1723 340 1781 Flacci
357 1723 435 1781 libris
450 1722 487 1783 de
503 1724 702 1800 significatione
715 1723 864 1781 uerborum
879 1740 945 1781 usus
963 1724 1008 1782 sit.
1035 1722 1241 1784 Eorumdibtu·

139 1834 202 1877 rum
222 1826 327 1897 quanta
350 1815 434 1875 fuerit
458 1816 602 1874 doctrinae
626 1816 727 1894 copia,
753 1826 892 1875 tentantur
916 1816 1026 1874 lacerae
1051 1826 1081 1874 et
1105 1814 1240 1877 natusne

138 1910 217 1970 Festi
242 1911 390 1988 reliquiaes
416 1909 462 1966 uix
487 1908 523 1968 de
542 1909 599 1966 ulla
625 1927 657 1967 re
680 1908 784 1968 frustra
802 1910 838 1966 ab
858 1907 959 1968 Ouidio
978 1909 1096 1967 consulti
1113 1909 1239 1987 fuissent,

138 2003 261 2065 simodo
276 2004 343 2063 editi
358 2010 426 2060 sunt
441 2001 508 2059 dnm
523 2002 640 2061 Ouidius
656 2021 767 2063 carmen
786 2003 912 2073 adornat,
931 2002 1007 2081 quod
1025 2003 1093 2061 lecit
1110 1992 1148 2062 aii
1166 2022 1239 2064 anno

137 2096 174 2158 V.
189 2098 223 2157 C.
236 2097 293 2155 755
311 2095 374 2155 sere
392 2096 428 2154 nd
448 2106 565 2155 mortem
586 2115 674 2175 nsque
691 2115 766 2156 anno
781 2098 847 2155 770.
884 2097 929 2156 De
947 2106 1039 2157 aetate
1054 2097 1146 2169 Verrii
1164 2099 1240 2177 piget

136 2206 173 2249 ex
189 2191 265 2249 libris
285 2190 481 2249 nonnullorum
501 2191 644 2268 opiniones
668 2190 866 2266 transcribere,
893 2210 964 2269 quos
982 2191 1019 2249 de
1037 2191 1174 2249 eiusmodi
1191 2208 1239 2252 re·

135 2283 189 2342 bus
209 2285 256 2341 nix
274 2285 347 2342 serio
372 2284 549 2363 inquisinisse
574 2295 702 2363 apparet.
740 2285 814 2343 Satis
831 2294 890 2342 esto
908 2284 1036 2342 Muelleri
1054 2302 1083 2340 n.
1101 2284 1143 2343 ili.
1164 2284 1238 2343 indi-

134 2376 302 2453 cinmponi.
340 2377 459 2455 Scripsit
477 2379 566 2457 praei.
587 2380 623 2438 ad
641 2379 718 2437 Fas.
738 2399 767 2458 p.
778 2396 869 2437 xxsx
885 2377 1052 2455 compositos
1073 2379 1237 2438 esseiibtos

134 2464 172 2527 de
192 2468 266 2544 sign.
285 2471 365 2528 uerb.
383 2481 449 2549 post
472 2490 576 2530 annum
594 2473 630 2531 V.
651 2473 685 2532 C.
705 2473 779 2548 735,
805 2483 834 2533 et
858 2472 937 2531 addit
953 2471 1084 2531 Verrium
1104 2472 1237 2532 Varronis

133 2578 257 2640 gnauum
275 2564 410 2622 cultorem
428 2573 458 2623 et
481 2565 572 2642 ipsum
591 2583 610 2623 a
626 2566 753 2627 Varrone
771 2569 875 2626 cultum
893 2565 994 2635 foisse,
1012 2566 1117 2624 sedicet
1135 2584 1236 2625 murn-

132 2655 200 2714 dum
218 2654 343 2714 Macrob.
362 2666 415 2717 sat
437 2660 535 2733 1,15,
559 2678 589 2737 p.
604 2662 662 2717 262
681 2661 752 2720 Gna
780 2659 837 2719 Sod
858 2663 986 2719 Vertitur
1001 2660 1140 2719 'Fluoottm
1163 2662 1236 2720 ituit

131 2746 267 2827 pontificii
283 2753 479 2828 peritissimus
498 2752 587 2812 dcere
609 2753 721 2813 sottum
739 2754 827 2828 rosal
847 2757 940 2819 Varro
958 2763 1013 2813 cto.
1051 2752 1235 2829 Voluit2ergo

131 2845 249 2927 intelligi
267 2844 417 2904 admodum
436 2856 544 2906 mature
560 2848 691 2908 Verrium
709 2848 866 2926 scripsisse,
886 2847 964 2905 cuius
982 2846 1235 2905 auctoritatem

130 2940 167 2998 sit
184 2939 225 2998 M.
242 2939 312 3000 Ter.
333 2940 442 3016 Varro,
468 2941 517 3019 qui
540 2950 622 3000 natus
642 2952 685 3001 est
704 2950 776 3001 teste
795 2942 964 3017 Hieronymo
981 2941 1055 2997 circa
1073 2956 1178 2997 annum
1195 2938 1232 3000 V.

130 3032 167 3093 C.
186 3035 257 3104 638,
284 3032 352 3092 obiit
371 3053 445 3094 anno
465 3037 533 3094 727.
572 3035 685 3095 Obiisse
709 3021 795 3114 igitur
815 3036 927 3093 Verrius
950 3033 1091 3090 minimum
1118 3040 1149 3090 et
1171 3030 1234 3110 ipso

130 3126 347 3203 nonagenarius,
369 3147 423 3188 uec
434 3130 522 3187 multo
540 3138 605 3207 post
617 3148 720 3187 annum
733 3132 791 3187 767
809 3127 930 3202 uidetur,
948 3143 1001 3184 nec
1018 3123 1138 3183 edidisse
1153 3125 1232 3203 quoio·

132 3236 216 3295 quam
234 3229 301 3296 post
319 3219 461 3280 Ouidium.
500 3221 659 3281 Putanerim
680 3234 772 3281 tamen
794 3221 863 3281 haec
881 3239 937 3279 non
955 3218 1068 3277 firmiori
1080 3217 1142 3276 -niti
1165 3216 1232 3275 fun·

128 3308 269 3386 dumento,
291 3330 375 3389 quarn
394 3332 439 3389 ea,
458 3334 531 3393 quae
549 3316 699 3395 Fogginius
718 3316 846 3374 disseruit
865 3315 901 3373 de
919 3312 1028 3372 duobus
1047 3310 1185 3371 lemmatis
1201 3311 1231 3369 iu

94 3474 97 3481 4
128 3403 232 3462 tabulis
250 3403 437 3465 Praenestinis
460 3409 551 3486 praei.¹
571 3430 603 3488 p.
614 3430 671 3486 11,
690 3427 809 3490 quorum
833 3408 856 3467 si
880 3407 955 3467 forte
982 3405 1020 3464 de
1041 3405 1159 3476 utun.
1172 3422 1230 3482 qno

127 3497 258 3556 'l'dterius
275 3497 359 3556 Pont.
377 3499 454 3558 Max.
472 3502 563 3560 factus
581 3504 713 3578 traditur,
733 3518 801 3560 uera
819 3511 934 3576 namet,
959 3507 1052 3557 tamen
1071 3499 1109 3557 de
1128 3498 1229 3574 dtus,

125 3602 183 3666 quo
202 3607 247 3648 res
265 3607 340 3649 anno
359 3590 395 3650 V.
417 3592 451 3650 C.
469 3596 527 3651 774
552 3606 630 3672 gesta
655 3596 812 3670 indicatur,
837 3612 874 3653 ne
899 3595 925 3654 ei
944 3594 1146 3667 assentiamur,
1168 3590 1229 3669 ipae

126 3680 238 3760 affecit,
265 3703 328 3742 curn
348 3685 390 3742 bis
409 3686 489 3745 radio
506 3688 668 3746 imitandum
688 3690 803 3747 curauit.
842 3687 1020 3747 Manifestum
1038 3687 1113 3744 eninr
1131 3683 1228 3744 cetui·

123 3775 213 3834 tulum
230 3776 295 3836 Vlll
309 3777 358 3836 ΚΡ
372 3778 438 3842 Mai.
458 3782 558 3840 ascribi
576 3801 631 3841 non
650 3784 773 3861 potuisse
793 3791 942 3860 autequam
960 3782 1013 3840 ista
1030 3789 1162 3857 snspemn
1179 3794 1227 3837 er·

123 3878 202 3928 arata
221 3879 314 3930 essent
330 3874 468 3950 superiori
487 3873 543 3933 die.
582 3875 709 3951 Lineols‚
731 3876 768 3935 de
786 3894 841 3956 qna
854 3875 1004 3953 Fogginius
1023 3872 1160 3951 disputan¹
1178 3880 1227 3931 ese

121 3961 187 4021 dem
204 3963 264 4023 sine
281 3965 436 4042 suspicione
454 3968 594 4025 inuenitur
608 3968 675 4028 XVI
683 3969 731 4028 ΚΡ
743 3970 824 4045 Mai,
844 3970 889 4029 nel
908 3978 984 4027 cette
999 3966 1068 4025 XIX
1077 3964 1127 4023 Ki'
1139 3964 1224 4025 Fato

119 4056 233 4116 Accedit
256 4058 374 4116 alterum
402 4071 595 4138 argumentum
622 4061 658 4120 de
683 4064 831 4141 posteriori
849 4063 939 4121 Verrii
965 4068 1061 4121 aetate
1084 4076 1122 4117 ex
1139 4058 1225 4117 Festo

116 4166 148 4226 p.
160 4152 276 4229 173,23
289 4159 320 4212 et
330 4154 370 4213 24
383 4151 430 4214 ed.
448 4155 523 4229 Vra,
541 4156 590 4214 nbi
606 4153 710 4236 Opalia
730 4156 815 4217 biduo
833 4155 970 4217 celebrari
987 4153 1129 4229 dicuntur,
1148 4148 1226 4231 qood
