2550 4574
528 230 697 319 rrsnrcts'
1026 266 1152 320 onnus

56 424 118 486 ficio
135 368 215 504 qnod
232 421 370 483 indicatur
383 426 412 497 1,
425 421 497 499 671,
516 421 581 482 uide
598 440 629 501 p.
640 438 712 482 cnr.
745 411 905 481 Proximum
922 427 966 480 est
981 419 1051 480 ritus
1069 421 1154 484 sacri·
1267 392 1272 403 ’

55 518 160 578 aanor
186 517 314 577 anserum
342 517 370 574 a
393 514 473 575 naen
497 503 572 576 serta
592 523 622 592 1,
634 519 709 592 711,
734 514 849 590 amas
865 514 1022 574 satam..
1047 516 1154 586 nmm-

56 631 143 692 quam
169 630 203 672 aa
221 610 282 670 Pax
300 611 363 689 plus
384 611 479 687 uiginti
502 613 580 669 annis
604 619 667 688 post
685 610 792 669 Actiam
810 600 932 689 pugnam
954 606 1081 666 dedicata
1099 619 1154 686 est,

55 715 85 765 et
97 723 267 784 quamquam
282 703 385 763 Paulus
399 703 479 762 Diae.
494 722 523 783 p.
534 704 632 779 192,4
649 702 751 763 babeat
769 702 845 782 qnod
860 701 1033 791 coniecturae
1043 701 1157 792 dommo

55 799 244 876 suffragetur,
262 809 368 856 eertum
388 805 480 855 tamen
500 807 542 856 est
559 798 668 856 laurum
686 794 911 875 intelligendam,
938 795 1015 853 cuius
1033 797 1156 856 maiora

56 893 136 951 cultu
154 887 273 950 Palatini
292 889 424 967 Apollinis
444 884 590 966 umescit,
609 900 641 949 ut
658 889 778 950 conferri
793 890 882 969 possit
897 888 973 967 qnod
992 886 1028 948 d'c
1046 890 1157 950 colono*

56 987 110 1046 siis
139 994 219 1043 notat
237 985 352 1043 Seruius
378 982 415 1041 ad
439 985 491 1043 ecl.
511 984 542 1059 4,
559 989 608 1042 20.
655 981 800 1042 Pertinent
825 982 879 1040 buc
904 1000 977 1060 quae
1002 982 1158 1044 doctissima
1254 996 1256 1005 ·

53 1079 203 1138 'annotauit
227 1077 276 1136 Fr.
295 1078 411 1136 lacobus
435 1076 471 1135 ad
494 1077 638 1137 Manilium
659 1083 688 1152 1,
707 1082 743 1134 11
768 1075 970 1154 inscriptione
994 1076 1157 1138 scholastica

56 1177 138 1230 1830
156 1190 186 1249 p.
198 1172 232 1229 9ε
257 1167 442 1232 Somniubont
459 1173 557 1248 poppa
574 1171 697 1230 lomina
714 1176 742 1228 ct
758 1169 881 1245 Augusta
895 1187 965 1229 uaso
983 1176 1010 1229 ot
1026 1169 1078 1229 snb
1096 1173 1159 1232 Ns-

57 1267 173 1325 roaiooi
190 1266 298 1342 imperii
314 1267 449 1342 principio
472 1272 536 1341 post
558 1262 668 1339 finitum
685 1262 805 1323 41641561
826 1260 969 1333 msam
987 1281 1102 1324 omnum
1117 1262 1159 1323 tt-

57 1357 120 1418 lom
137 1363 267 1432 caman,
284 1363 406 1416 auarus
424 1355 499 1416 dono
514 1357 683 1434 Mrpmdmo,
701 1363 863 1436 perpetrm
878 1356 1037 1417 monalium
1054 1374 1159 1434 possm,

57 1470 169 1512 morum
182 1451 360 1519 masam,
374 1448 486 1528 donique
496 1450 655 1510 beatissimo
668 1449 793 1510 mauro
805 1451 864 1509 otio
874 1481 922 1511 -.
944 1454 989 1510 Eo
1001 1453 1087 1528 ipilar
1098 1466 1160 1529 pan
1253 1444 1255 1449 ’

58 1544 246 1624 intelligendu,
265 1562 349 1621 mom
367 1562 397 1603 u.
412 1563 455 1622 sq.
474 1543 596 1620 lupianus.
629 1545 703 1603 Nam
722 1544 886 1623 quantulum
903 1545 1034 1621 temporis
1052 1544 1161 1604 intorsit

60 1640 136 1698 inter
153 1638 297 1697 Nasonem
316 1647 345 1697 et
363 1637 505 1696 Manilium
525 1638 635 1695 memini
654 1636 802 1716 aliquando
820 1655 866 1697 me
884 1636 1082 1698 demonstrare.
1115 1636 1162 1697 Da
1229 1670 1234 1679 =

60 1731 195 1791 sacrificio
214 1730 290 1810 quod
310 1730 429 1790 traditur
446 1736 477 1806 2,
491 1732 539 1800 69,
553 1733 601 1806 70,
620 1730 730 1789 diuerso
754 1732 874 1790 sonasse
895 1749 914 1789 a
936 1749 1015 1790 sacro
1033 1728 1161 1808 Helerni,
1192 1718 1197 1731 ⁸

61 1824 131 1886 nihil
149 1827 230 1905 potui
249 1823 391 1902 indagare.
417 1824 505 1882 Nonis
518 1824 603 1884 Febr.
615 1829 645 1899 2,
657 1826 713 1882 119
732 1824 798 1903 quid
818 1843 875 1884 non
893 1834 986 1884 actum
1004 1825 1161 1905 sit,d1spn·
1217 1838 1222 1849 “

60 1920 120 1979 tnui
138 1939 170 1999 p.
181 1937 249 1978 m.
287 1919 402 1978 Faunus
428 1918 567 1996 quomodo
593 1919 742 1978 cultnssit
760 1918 849 1976 Nonis
867 1917 953 1978 Febr.
971 1923 1084 1996 2,193,
1103 1936 1161 1980 uon

61 2022 186 2073 constats
206 2013 242 2073 de
260 2013 347 2072 Nonis
362 2013 560 2072 Decembribus
578 2015 656 2074 testis
675 2022 717 2073 est
736 2013 865 2072 Horatius
884 2032 969 2074 carm.
989 2019 1016 2086 s,
1031 2019 1078 2074 16.
1106 2015 1162 2074 Se·
1221 2004 1225 2013 ’

62 2117 190 2186 quantur
206 2107 390 2191 Lupercalia,
409 2107 446 2166 de
463 2127 582 2185 quorum
599 2109 696 2167 ritibus
716 2126 750 2167 ea
773 2107 835 2167 fere
853 2107 938 2168 habet
955 2118 1040 2185 poeta
1057 2114 1087 2181 2,
1102 2106 1175 2196 255Ι

60 2221 137 2280 sqq„
167 2220 240 2279 qnae
266 2201 376 2261 aliunde
402 2209 431 2260 et
455 2202 541 2278 uulgo
566 2211 634 2259 nota
655 2210 734 2260 sunta
762 2201 826 2259 uide
849 2219 916 2279 ergo
936 2202 1111 2281 Martungum
1129 2208 1160 2283 2,

60 2315 93 2373 p.
107 2296 173 2354 179.
203 2295 294 2352 Vnum
308 2296 531 2374 praetermissum
547 2303 599 2369 est,
619 2294 729 2372 dequo
748 2295 863 2373 parthau
882 2305 1047 2374 exponetur,
1066 2298 1161 2378 luper-

61 2383 159 2447 corum
178 2388 309 2447 Iuliorum
329 2397 359 2446 ut
377 2388 457 2447 fieret
476 2388 588 2450 mentio.
615 2388 739 2446 Marinus
759 2388 869 2466 quidam
888 2390 947 2448 siue
960 2392 1099 2451 Marianus
1117 2392 1162 2451 in·

61 2479 248 2561 percaliorum
262 2495 347 2560 poeta
363 2492 393 2541 et
411 2499 507 2540 uersus
526 2482 585 2539 eius
603 2480 712 2539 iambici
730 2501 748 2540 a
766 2483 866 2542 Seruio
885 2493 914 2543 et
931 2484 1103 2564 Philarpgrio
1124 2484 1162 2545 ad

62 2575 117 2632 ecl.
138 2579 169 2647 1,
181 2578 220 2630 20
238 2577 414 2635 adhibentur.
453 2577 484 2635 ln
505 2592 587 2633 uersu
606 2574 745 2635 Ouidiano
768 2580 828 2637 274
849 2578 981 2637 audacter
1000 2597 1046 2636 me
1062 2579 1162 2651 fecisse

61 2665 157 2724 fateor
174 2667 250 2744 qnod
269 2671 454 2727 coniecturam
467 2670 577 2746 recepi:
596 2671 693 2728 nititur
710 2670 758 2729 illa
777 2681 869 2732 tamen
887 2674 915 2731 iu
932 2673 1052 2731 omnium
1067 2692 1162 2733 emen·

63 2759 267 2819 datissimorum
287 2763 412 2821 codicum
437 2765 591 2841 scriptura,
616 2764 643 2820 in
662 2763 817 2824 Pausaniae
836 2767 991 2825 testimonio
1009 2770 1039 2841 8,
1054 2770 1106 2842 16,
1132 2769 1163 2826 iu

62 2853 200 2913 eiusmodi
218 2855 359 2912 nominum
384 2856 546 2915 undatione.
584 2855 658 2914 Nam
677 2857 713 2915 de
731 2857 846 2936 Megara
872 2871 901 2918 et
918 2858 1038 2938 Megaris
1056 2879 1100 2920 res
1120 2869 1164 2920 est

63 2947 223 3005 notissimas
249 2949 377 3020 Himera,
397 2960 457 3009 non‘
473 2951 615 3008 Himeram
633 2961 776 3030 nuncupat
796 2950 960 3028 Ouidiusl,
975 2951 1043 3027 475,
1063 2960 1093 3010 et
1110 2971 1165 3013 oo-

61 3040 130 3099 dem
157 3059 240 3099 nersu
264 3042 463 3102 Tauromenen
488 3043 640 3103 secundum
668 3044 790 3104 codicem
817 3045 874 3104 fide
900 3045 1085 3122 dignissimum
1108 3064 1164 3124 pro
1262 3061 1263 3065 ’

64 3133 267 3209 Tauromenio‚
287 3134 386 3194 Pisaea
398 3138 500 3216 plurali
513 3155 629 3196 numero
642 3138 672 3211 4,
683 3140 754 3197 aas:
773 3129 920 3214 Πελλήνη
933 3138 1071 3197 Laconica
1087 3140 1163 3219 urbs,

64 3226 124 3285 uid.
144 3226 308 3288 Schneider.
327 3228 364 3287 ad
382 3229 456 3290 Xon.
474 3230 540 3291 hell.
559 3234 590 3305 7,
602 3231 632 3304 5,
645 3233 673 3302 9,
692 3230 769 3309 apud
788 3231 954 3289 Strabonem
973 3234 1003 3307 8,
1016 3235 1046 3308 7,
1066 3252 1095 3312 p.
1105 3235 1164 3292 224

63 3328 109 3379 est
127 3315 168 3378 τὰ
187 3315 341 3379 Πέλλανα.
380 3323 423 3381 Ad
448 3342 558 3383 nemum
577 3322 671 3384 Ouidii
690 3330 721 3399 2,
737 3313 795 3382 295
814 3325 926 3403 ascripsi
945 3345 1027 3404 quem
1044 3324 1164 3387 imitatus

64 3424 109 3472 est
128 3415 157 3471 in
180 3432 249 3474 noce
266 3413 395 3488 frondes,
421 3416 498 3495 Virg.
517 3419 585 3477 Aen.
606 3420 635 3492 8,
649 3423 718 3494 316,
743 3426 773 3478 et
790 3421 838 3496 qni
856 3419 944 3479 simile
961 3419 1028 3478 dixit
1046 3420 1165 3480 Dionem

64 3509 147 3568 Cass.
166 3511 214 3583 62,
232 3508 267 3566 5ι
295 3508 355 3566 πᾶν
375 3505 410 3567 δὲ
429 3504 555 3587 δένδρον
575 3504 673 3570 ninius
699 3513 807 3593 minora
834 3514 940 3572 abiicio.
980 3513 1165 3582 Quirinaliurn
1255 3584 1258 3593 1

64 3604 242 3660 acrimoniam
262 3603 399 3679 publicam
421 3604 523 3663 nullam
544 3605 627 3663 tradit
646 3602 762 3664 Ouidius
781 3611 809 3681 2,
822 3606 1004 3682 lta-510,
1024 3626 1076 3666 nec
1095 3609 1166 3664 mul-

65 3703 126 3752 tum
145 3695 282 3772 estquod
301 3697 376 3773 apud
395 3698 510 3756 Festum
529 3702 687 3775 p.217‚13
709 3698 780 3756 tradi
799 3700 925 3760 uidetur.
957 3701 1059 3759 Versus
1073 3700 1167 3760 Ouidii

64 3792 98 3862 2,
111 3790 169 3844 291
192 3807 254 3844 cunr
274 3787 310 3845 de
328 3790 393 3846 solis
413 3789 568 3848 deiectione
587 3810 643 3849 non
664 3791 791 3849 uideatur
808 3811 901 3870 agere,
922 3813 977 3853 non
997 3805 1060 3870 eget
1074 3794 1166 3851 Scali-

66 3880 126 3955 geri
144 3879 306 3939 defensione
325 3881 362 3939 de
381 3884 491 3940 emend.
511 3895 597 3964 temp.
618 3884 638 3942 l.
653 3885 683 3958 5,
701 3903 731 3962 p.
741 3888 812 3942 395:
830 3888 905 3944 solus
921 3888 1097 3964 Augustinus,
1115 3886 1165 3944 sed

65 3971 89 4026 is
110 3970 193 4028 ualde
211 3972 327 4031 ridicula
347 3993 409 4035 cum
434 3979 671 4052 argumentatione
690 3976 726 4035 dc
745 3997 769 4035 c.
789 3979 818 4038 d.
838 3985 868 4054 3,
882 3983 920 4038 14
938 3980 1118 4058 plenilunium
1137 3990 1167 4038 et
1247 4038 1252 4045 ,

66 4064 132 4120 solis
150 4064 290 4123 deiectum
314 4068 395 4126 simul
418 4069 502 4127 fuisse
528 4070 652 4129 credidit.
691 4071 736 4129 De
754 4071 899 4129 Feralibus
919 4090 992 4149 quae
1015 4082 1167 4151 sequnntur

66 4160 98 4232 2,
109 4158 168 4217 567
186 4168 251 4237 post
269 4178 355 4240 snpra
373 4161 447 4222 dicta
465 4162 533 4222 nibil
548 4173 634 4224 restat
645 4163 834 4224 annotandum
854 4173 966 4243 praeter
984 4164 1166 4242 etymologiae
