2550 4574
480 258 565 337 011111
586 258 735 308 semna
1030 258 1152 309 '0010st

50 430 191 492 qssrsoss
205 421 347 483 mosam,
366 409 443 477 cuius
461 411 489 469 iu
503 413 656 491 nugaretum
673 429 708 471 ao
726 409 772 470 die
790 410 909 470 collatas
926 411 1058 471 memoria
1076 418 1153 472 erm

52 509 141 567 eriam
160 507 189 565 in
207 505 285 564 lastis
301 505 503 580 Praenestinis,
523 513 573 564 aut
590 506 741 581 omisisset,
760 516 810 563 ant
826 524 845 563 a
863 505 980 563 Tiberio
996 513 1154 583 separarer

53 609 161 679 poeta,
179 599 207 657 in
226 600 381 678 grauiorem
400 597 580 658 offensionem
600 600 691 677 potuit
708 599 868 673 innumere,
886 616 969 676 quam
987 598 1011 656 si
1030 606 1078 656 aut
1096 598 1153 657 aaa

55 695 215 767 simularet,
233 702 283 749 ant
301 692 453 769 negligeret
471 692 548 751 istius
566 692 603 751 de
621 693 788 770 semetipso
807 690 952 750 iudiciumr
970 698 1062 749 utrum
1081 691 1154 749 mim

56 787 176 862 fecerit,
201 804 257 843 nou
276 784 502 860 diiudicauerim,
527 786 592 863 qnia
615 786 719 863 duplex
743 794 786 845 est
803 783 961 862 prolapsorli
977 783 1155 860 significatos,

55 879 133 938 aller
151 877 259 951 tuendi,
277 879 347 937 alter
366 877 477 955 tegendi
494 878 634 955 simplicis,
653 889 684 937 nt
702 889 769 937 met.
785 884 831 953 12,
843 881 918 951 2733
931 877 1005 952 3513
1016 879 1083 935 431.
1110 876 1156 935 De

57 971 160 1031 forna
185 969 350 1033 Caesaribus
375 962 472 1048 palatii
496 972 592 1029 incolis
618 973 705 1030 uerbo
729 978 841 1031 ooslros
866 981 1019 1048 auguratur
1042 972 1098 1044 ita,
1123 977 1156 1028 nt

60 1066 132 1125 trist.
150 1070 182 1138 ³,
195 1071 224 1139 l,
236 1065 276 1124 58
300 1082 363 1121 cum
386 1062 482 1123 iisrlorn
499 1063 551 1121 sub
569 1062 686 1123 domionis
712 1065 795 1137 dixit,
823 1072 900 1123 certe
923 1065 1055 1141 cogitauit
1077 1063 1155 1122 alios.

61 1159 207 1216 Tiberium
226 1156 328 1216 deiude
347 1155 450 1216 affatur
473 1159 563 1235 ipsum
582 1176 611 1216 u.
626 1161 683 1218 045
695 1179 756 1237 sqq.
776 1167 806 1217 et
827 1157 952 1235 appellat
970 1155 1157 1216 osannam

61 1251 172 1321 domm,
201 1269 273 1328 quae
298 1251 450 1329 appellatio
474 1253 612 1329 aptissima
637 1262 679 1310 est
705 1252 733 1310 in
759 1268 810 1320 eo,
832 1253 880 1328 qui
901 1252 1076 1326 imperatorie
1100 1266 1156 1307 non

61 1363 253 1425 praenomen,
285 1344 322 1402 de
349 1362 406 1421 quo
433 1343 497 1403 uide
521 1343 707 1418 Diouem'52,
727 1346 764 1401 41
784 1342 845 1418 fin,
869 1343 919 1402 sed
951 1343 1068 1401 militare
1089 1339 1158 1399 illud

61 1456 218 1517 cognomen
236 1447 345 1496 rantum
363 1436 488 1511 admisit,
507 1438 587 1496 Suet.
605 1438 742 1512 Tib-26,
760 1437 815 1495 Dio
834 1439 884 1508 57,-
896 1441 927 1513 8,
946 1434 1030 1513 qnod·
1040 1435 1159 1513 primum
1231 1428 1235 1437 “

63 1535 172 1610 accepit
198 1550 271 1590 anno
290 1534 365 1605 740,
383 1530 438 1588 Dio
456 1533 507 1605 55,
521 1534 561 1589 (if
588 1530 665 1590 ldem
690 1549 844 1607 cognomen
857 1550 931 1589 cum
956 1530 1008 1588 illo
1032 1540 1160 1607 tempora

62 1636 179 1706 praeter
198 1625 397 1684 Germanicum
416 1624 564 1682 Caesarem
584 1642 664 1683 nemo
682 1624 808 1700 gesserit,
826 1623 887 1682 uidi
904 1625 975 1683 Tac.
989 1622 1160 1697 οοο..2,20,

62 1721 115 1795 44,
132 1719 305 1795 intelligitur,
324 1717 374 1794 qui
390 1716 548 1776 sintrlooss
567 1737 613 1775 uu.
624 1720 663 1774 67
679 1727 708 1776 et
723 1720 792 1792 714,
811 1718 911 1795 quibus
929 1718 958 1775 iu
977 1718 1043 1776 locis
1061 1714 1160 1774 eadem

55 1814 138 1874 ¹inest
154 1813 303 1888 sententia,
320 1828 394 1890 quae
414 1828 462 1869 uu.
475 1814 544 1885 287,
554 1814 622 1887 701,
635 1814 704 1869 721.
733 1810 839 1871 Omnes
856 1812 938 1869 simul
956 1809 1160 1888 contemplarer

361 1928 398 1951 ··-
419 1903 541 1976 umbos,
560 1922 792 1981 armassemus
809 1905 904 1965 lobors
1133 1916 1137 1923 '

145 2054 148 2061 .
185 2002 273 2063 olio
292 2007 368 2060 loro
385 1999 479 2072 feno,
500 2002 573 2058 olio
591 2006 693 2077 pontus
710 1998 823 2059 babel.
841 2031 881 2049 -

245 2098 290 2153 lis
309 2093 421 2154 ‹looibos
439 2092 506 2152 bollo
523 2092 614 2169 glorio
631 2097 724 2153 molor
740 2097 805 2153 sris.
824 2127 862 2138 —

173 2192 253 2248 loos
271 2186 335 2261 soor
351 2194 476 2247 mansos
494 2205 614 2264 ponera
631 2190 761 2264 ponisque
779 2190 921 2247 ministros

242 2284 321 2340 Nossa
337 2299 428 2351 οοοοι,
445 2288 568 2358 proaulo,
587 2279 695 2340 rlosaol
713 2288 810 2340 aanor
828 2298 908 2358 opus.
925 2309 965 2326 ·-·

54 2392 57 2397 ·
184 2375 290 2433 Gsolio
307 2374 351 2432 dia
368 2375 515 2451 domuique
532 2381 612 2432 wore
630 2373 751 2451 solipolo
769 2377 873 2434 aolosis

244 2472 309 2528 loro
325 2468 430 2546 pridem
448 2475 542 2528 ooslro
559 2468 610 2527 aab
628 2467 694 2545 pods
712 2468 783 2528 bollo
800 2473 901 2529 ionersi.
920 2500 960 2518 -··

186 2563 276 2639 Vinus
293 2561 398 2631 domos,
418 2579 487 2639 qasoo
504 2568 630 2639 promlol
648 2581 718 2632 soso,
737 2581 799 2620 orum
816 2583 898 2641 pono
916 2567 1045 2641 persuasi
1057 2590 1105 2624 -.

61 2657 150 2715 ,naec
168 2673 222 2732 pax
241 2655 322 2713 toties
339 2673 395 2713 uuo
412 2655 482 2713 libro
497 2654 645 2713 decantata
664 2656 722 2714 alia
741 2657 787 2714 uix
805 2676 866 2716 asse
883 2667 987 2736 potest,
1006 2668 1090 2734 atque
1106 2656 1165 2731 ills,

69 2749 110 2811 de
128 2767 185 2828 qua
205 2748 296 2807 locum
316 2767 345 2805 u.
356 2746 416 2806 -285
435 2765 521 2825 supra
539 2749 688 2827 exscripsi,
705 2760 770 2827 post
788 2769 909 2828 proauos
927 2758 1036 2809 nostros
1054 2767 1072 2807 a
1091 2750 1166 2808 Ger·

61 2844 182 2903 manico
200 2841 329 2904 domitos.
368 2841 497 2919 Namque
515 2840 622 2900 nullom
639 2849 705 2902 loon
722 2844 809 2904 oliom
826 2843 931 2903 boslom
947 2843 1032 2902 fuisse
1050 2843 1168 2901 Tacitus

64 2944 191 2996 semum
208 2954 235 2994 c.
245 2937 295 3010 26,
315 2942 344 2994 et
361 2933 460 2992 bellom
477 2952 529 3012 pro
549 2934 674 3008 ooafeolo
693 2949 838 3016 acceptum
856 2955 917 2996 esse
936 2955 961 2995 ο.
973 2937 1021 2995 41.
1047 2934 1092 2993 Ex
1110 2953 1168 3014 qno

66 3026 309 3106 ‚Ouidium-faetus
323 3027 481 3087 elaborasse
500 3046 587 3106 supra
604 3030 735 3105 indicaui,
755 3032 801 3088 uix
819 3049 891 3088 unus
909 3048 998 3088 annus
1015 3029 1075 3086 sine
1089 3027 1168 3104 grani

69 3120 149 3181 bello
166 3120 228 3181 init.
261 3121 344 3180 Caius
358 3123 463 3181 Caesar
477 3122 561 3200 paulo
580 3133 644 3200 post
662 3142 765 3182 annum
778 3124 836 3181 752
854 3123 972 3180 sortasse
990 3132 1088 3180 conara
1099 3121 1170 3179 Par·
1204 3158 1208 3167 -

72 3212 138 3273 rhos
156 3213 308 3291 proiectus,
327 3215 384 3275 On.
396 3226 449 3274 art.
460 3234 516 3275 am.
528 3219 624 3291 1,177
635 3234 708 3294 sqq,
727 3216 871 3289 Vellena,
885 3219 953 3289 101,
973 3224 1122 3292 antequam
1141 3213 1168 3275 ei

66 3306 244 3385 expeditioni
263 3309 454 3368 immoreretur
466 3327 540 3369 anno
553 3311 623 3385 757,
641 3310 743 3369 exarsit
757 3310 859 3367 bellum
874 3309 902 3367 in
922 3309 1087 3382 Germania,
1103 3307 1172 3367 Vol·

73 3400 122 3461 lei.
142 3403 257 3477 2,104,
275 3403 320 3461 cui
339 3402 478 3480 quomodo
503 3411 569 3481 post
593 3403 771 3481 adoptionem
795 3401 953 3461 interfuerit
970 3401 1102 3460 Tiberius
1120 3397 1173 3459 ibi·

73 3493 143 3555 dem
167 3495 243 3572 legas
262 3496 486 3571 orno—109,
514 3496 567 3554 cir.
585 3496 640 3553 Dio
659 3496 776 3570 55,2δο
804 3492 959 3565 Χαλεπῶς
984 3488 1019 3553 δὲ
1044 3486 1084 3570 δὴ
1110 3491 1173 3552 τῶν

74 3586 256 3667 ςρατιωτῶν
275 3583 353 3664 πρὸς
372 3581 504 3664 τὴντῶν
523 3580 632 3647 ἄθλων
650 3580 841 3666 σμικρότητα
860 3583 913 3647 διὰ
930 3581 1004 3658 τούς
1021 3581 1175 3663 πολέμους

75 3673 154 3749 τοὺς
171 3672 241 3739 τότε
261 3673 515 3759 ἔνεςηκόταςοῦχ
535 3675 626 3757 ἥκιςα
645 3673 777 3755 ἐχόντων
796 3711 851 3758 -,
871 3693 901 3742 et
919 3703 945 3742 c.
959 3686 1013 3742 28:
1032 3673 1090 3740 κάν
1109 3683 1175 3750 τοῖς

76 3766 188 3843 αὐτοῖς
211 3765 332 3844 τούτοις
354 3769 480 3854 χρόνοις
503 3770 554 3833 καὶ
578 3766 706 3851 πόλεμοι
726 3773 832 3835 πολλοὶ
857 3770 1004 3854 ἐγένοντο.
1041 3775 1175 3835 Secutum

76 3866 183 3927 bellom
201 3866 401 3944 Pannonicum,
420 3868 519 3928 Vellei.
535 3870 646 3943 2,110,
666 3867 720 3926 Dio
734 3869 782 3941 55,
795 3873 845 3944 29,
863 3869 957 3928 clades
975 3869 1108 3944 Variana,
1126 3888 1176 3930 ex·

76 3960 237 4040 peditiones
256 3961 361 4020 Tiberii
380 3963 581 4037 Germanicae,
606 3960 681 4020 unde
703 3973 767 4040 post
787 3964 925 4022 biennium
949 3961 986 4021 ad
1004 3964 1175 4041 triumphum

78 4073 140 4117 non
158 4053 256 4128 lunius,
279 4053 329 4112 sed
348 4054 497 4134 superioris
516 4054 667 4113 Pannonici
686 4055 751 4112 belli
772 4065 921 4125 euocatus,
940 4055 1020 4114 Suet.
1040 4059 1106 4116 Tib.
1126 4059 1177 4127 20,

81 4165 272 4212 ωοοοοοοτοω
290 4145 395 4226 robono
413 4145 475 4208 lolli
492 4156 670 4229 pnlrolrouss
687 4147 784 4209 habuit
802 4148 1008 4221 Germanicum,
1028 4149 1126 4213 Vellei.
1145 4152 1177 4225 2,
