2550 4574
442 275 712 336 arnouoasnu
1076 246 1138 329 vxr

39 426 81 484 iis
99 424 190 485 tradit
209 426 264 486 Dio
279 426 433 486 institutum
452 447 527 487 osse
532 446 606 488 anuo
623 430 699 504 tte,
722 428 773 488 lib.
790 427 839 504 5³,
857 433 893 489 2
921 422 1003 496 οὕτω,
1018 422 1080 509 γὰρ
1098 423 1139 507 ds)

40 515 152 577 notant
171 518 261 597 σφῶν
281 508 406 602 πένητες
425 512 653 598 lyeydveousst'
629 540 707 581 ωστε
722 512 803 600 μηδ
824 515 1056 601 ἀγορανομῆσαί
1072 541 1140 583 τινα

44 605 101 670 deis
115 630 151 670 το
139 606 297 690 μέγεθος
310 613 370 672 τῶν
386 605 597 689 ἀναλωμάτων
617 612 775 692 ἐθελῆσαι,
795 607 875 673 ἀλλὰ
890 607 928 673 roi
944 634 963 674 τ
964 608 1073 675 ’ἄλλα
1089 610 1141 675 καὶ

49 723 92 764 τα
78 697 271 783 δοιαςήρια
290 699 330 765 τὰ
354 705 393 786 τῇ
419 699 607 790 ἀγορανομίᾳ
625 700 819 785 προσήκοντα
839 711 904 778 τοῖς
922 711 1085 786 ςρατηγοΐς
1102 741 1141 759 -
1208 770 1209 774 ,

53 799 297 876 προσταχθῆναι,
317 811 347 860 et
365 801 552 860 confirmatum
571 820 631 861 esse
650 820 723 861 auno
736 805 805 883 722,
824 802 871 860 hb.
886 804 982 876 54,2ι
1002 803 1067 869 τοῖς
1083 796 1155 875 μὲν.

51 895 234 969 στρατηγοῖς
259 887 316 962 τοὶς
341 886 523 972 πανηγύρεις
547 887 649 964 πάσας
674 889 890 971 προσέταξεν..
908 895 1001 957 Credo
1020 895 1143 970 singulos
1178 880 1194 895 ”

50 985 97 1044 uel
115 988 198 1044 eham
217 977 310 1065 plures
328 994 363 1047 ex'
381 987 493 1062 decern,
519 990 564 1046 uel
583 988 746 1064 duodecim,
769 990 815 1047 uel
833 986 951 1046 sedecim
969 987 1143 1065 praetoribus

53 1077 173 1156 singulos
189 1079 270 1139 ludos
288 1081 379 1139 sortiri
396 1081 490 1139 solitos
515 1100 585 1140 esse.
622 1081 714 1138 Druso
733 1082 854 1162 praetori
878 1090 968 1145 cenos
994 1081 1075 1141 ludos
1092 1083 1144 1140 ob·

56 1172 147 1248 tigime
163 1174 255 1232 scribit
267 1175 321 1234 Dio
333 1175 383 1249 54,
396 1177 443 1248 34,
459 1184 488 1232 et
500 1185 608 1232 uetusto
627 1194 705 1232 more
723 1175 793 1234 duos
812 1185 953 1257 praetores
972 1195 1069 1234 munus
1084 1177 1144 1253 gla-

59 1262 198 1324 diatorium
217 1269 327 1325 sortitos
344 1269 461 1344 59,·14.
505 1269 577 1324 Hine
600 1267 683 1343 igitur
707 1278 767 1344 est,
795 1267 871 1346 quod
889 1269 1035 1346 Dionysius
1054 1270 1145 1333 Halic-

62 1360 139 1432 2,19
155 1358 235 1417 ludos
249 1359 422 1438 Megalenses
440 1379 457 1419 a
475 1361 648 1440 praetoribus
667 1360 754 1419 editos
774 1371 917 1438 memorat,
937 1362 1011 1440 quod
1027 1364 1145 1422 Seianus

66 1458 92 1508 et
102 1451 189 1510 Galba
204 1463 345 1531 praetores
358 1454 483 1514 florales
496 1453 625 1513 exhibent
642 1454 814 1512 narrantibus
827 1455 918 1514 Dione
930 1457 980 1532 58,
995 1457 1042 1532 19,
1064 1455 1145 1516 soee

68 1540 142 1603 Gale.
155 1547 185 1620 6,
204 1546 278 1625 quod
296 1549 393 1607 mimos
411 1558 525 1626 praetor
543 1565 635 1606 emere
652 1545 750 1613 dieitur
768 1549 804 1605 ab
820 1547 922 1606 Ouidio
934 1551 1020 1608 Trist.
1035 1549 1147 1625 atos

10 1606 135 1710 quod
158 1657 223 1716 erga
247 1638 321 1710 τούς
345 1659 378 1700 τε
404 1634 594 1720 στρατηγοὺς
615 1634 665 1699 καὶ
690 1630 805 1710 τούςι
788 1633 925 1711 unisone
948 1660 1009 1702 sese
1027 1641 1147 1703 eduum

77 1745 191 1806 equorum
209 1732 357 1811 agitatores
376 1732 451 1812 apud
468 1733 552 1792 Dion.
571 1736 662 1809 61,6.
701 1734 786 1803 Quod
805 1754 867 1793 oum
885 1736 1038 1795 institutum
1057 1737 1093 1794 sit
1111 1754 1147 1796 eo

76 1840 122 1899 quo
137 1825 250 1884 indicaui
268 1836 411 1905 tempore,
436 1843 509 1884 anuo
528 1827 585 1884 746
603 1825 660 1884 duo
685 1829 854 1905 potissimum
873 1847 976 1907 genera
994 1829 1148 1889 ordinario
1172 1858 1175 1863 ·

60 1928 127 1973 ¹tum
143 1928 271 1978 staturum
289 1929 319 1978 et
337 1919 584 1988 anniuersariomm
602 1919 729 1978 ludorum
755 1921 885 1999 luerunt,
911 1933 1037 1985 ueterum
1055 1933 1085 1983 et
1102 1941 1149 1984 re·

79 2011 223 2088 oeutiorum,
241 2012 288 2091 qui
306 2024 356 2072 aut
374 2031 392 2071 a
408 2013 591 2091 praetoribus,
612 2022 661 2072 aut
678 2030 696 2071 a
714 2016 870 2073 oonsulibus
888 2025 1059 2087 curaremur,
1078 2037 1148 2099 qun·

79 2117 130 2158 rum
145 2105 255 2163 alterum
273 2116 367 2165 utrum
385 2105 562 2165 honoratione
580 2107 682 2164 dietum
701 2120 762 2165 esse
781 2117 809 2166 et
828 2107 885 2167 dies
904 2118 953 2168 aut
970 2128 1081 2181 ornnes,
1100 2118 1149 2168 aut

80 2206 143 2254 osus
161 2218 191 2256 eo
208 2201 291 2278 quein
308 2197 458 2258 Suetonius
482 2198 567 2258 tradit
591 2216 706 2258 mamere
727 2201 851 2262 'nefastos
876 2201 1003 2264 habuisse
1026 2210 1150 2282 oportet.
1200 2270 1203 2275 ⁸

82 2289 151 2368 Atqui
165 2290 198 2350 de
214 2301 345 2371 praetore
363 2291 516 2368 honorato,
541 2292 578 2350 de
595 2293 655 2351 iure
673 2292 820 2351 honorario
837 2313 922 2372 supra
940 2297 1072 2355 monitum
1092 2306 1152 2359 esta

82 2383 163 2460 pignus
179 2403 289 2464 quoque
306 2383 482 2444 honorarium
502 2377 688 2461 πραιτώριον
708 2381 848 2466 ἐνέχυρον
866 2391 1081 2469 interpretantur
1093 2392 1151 2449 Fa-

83 2473 152 2533 bretti
173 2480 275 2555 glossae
301 2478 376 2557 apud
400 2480 537 2539 Reitrium
561 2477 597 2536 ad
622 2498 706 2558 snpra
731 2481 850 2558 positum
869 2483 1019 2562 Theophili
1042 2479 1151 2544 loeutus

85 2567 134 2646 ipre
148 2571 309 2650 Theophilus
329 2573 377 2637 lib.
390 2578 418 2631 a.
437 2573 480 2632 tit.
494 2577 540 2630 13.
560 2575 634 2644 §.22
659 2566 842 2652 πραιτώριον
862 2572 967 2652 ἔνοχοί
981 2610 1021 2627 ·-
1041 2572 1153 2648 αἵτινες

81 2657 125 2724 ,καὶ
140 2653 293 2744 ὃνοριὶριαι
311 2666 486 2725 καλοῦνται.
525 2666 615 2725 Multa
633 2667 687 2728 alia
705 2669 875 2726 Foroellinus
894 2670 1063 2748 suppeditat.
1099 2671 1152 2733 Ni·
1263 2692 1266 2699 ·

80 2755 111 2813 hil
134 2759 208 2835 igitur
234 2780 356 2837 nouum,
371 2762 405 2818 'si
429 2758 489 2818 ludi
514 2779 626 2839 quoque
649 2761 780 2840 praetorii
806 2762 980 2821 nominantur
1004 2763 1152 2826 honorarii.

78 2849 139 2909 Ludi
153 2855 321 2930 consulares,
339 2872 408 2931 quos
424 2862 531 2912 constet
547 2856 619 2913 cirea
633 2873 735 2913 annum
746 2857 805 2914 746
820 2855 952 2913 celebrari
968 2857 1062 2915 solitos
1081 2874 1153 2935 esse,
1238 2934 1242 2940 ,

75 2962 161 3003 omnes
179 2947 237 3005 dies
255 2949 345 3008 minus
364 2948 475 3024 triginta
493 2947 609 3006 habente
630 2968 694 3009 num
714 2966 763 3007 sos
783 2947 913 3019 nefastos,
931 2950 1080 3027 ignoratur.
1116 2953 1155 3013 At

72 3038 137 3097 inter
154 3041 308 3118 praetorios
326 3040 406 3100 ludos
422 3041 565 3100 Romanos
584 3051 659 3099 certe
676 3041 763 3101 fastos
783 3060 837 3099 uon
857 3041 983 3100 habuisse
1001 3043 1085 3102 oredo
1099 3063 1155 3125 ap·

69 3150 164 3211 parere
182 3151 218 3190 ex
234 3134 294 3194 Cic.
314 3129 350 3191 ad
367 3131 434 3191 fam.
454 3137 484 3210 8,
502 3137 537 3192 8.
564 3139 612 3196 Μ.
635 3138 765 3193 womarus
788 3144 974 3198 αοοιισαιοισια
991 3155 1072 3195 suum
1092 3146 1156 3225 port

69 3224 144 3286 ludas
155 3228 312 3286 murat
316 3243 394 3285 reem
411 3225 467 3302 troo
484 3225 578 3286 Plotia
596 3226 630 3286 do
647 3231 678 3298 ui
695 3228 771 3302 feeit,
790 3228 840 3286 uir.
858 3229 1090 3308 Verr.1,10,.§
1102 3237 1155 3296 at:

71 3338 103 3380 ex
119 3321 356 3399 Quinquatribus,
376 3319 597 3397 Megalensibus,
616 3322 787 3396 Cerealibus,
808 3322 972 3398 Floralibus,
993 3327 1157 3402 Apollinare

68 3416 133 3486 hirs,
152 3413 305 3489 Romanis,
330 3412 449 3473 Pleheiis
467 3413 538 3472 ludis
566 3417 676 3490 triginta
703 3417 748 3473 uel
776 3415 856 3473 etiam
880 3419 967 3495 paulo
989 3419 1157 3497 pluresdies

64 3509 157 3585 oolligi
174 3509 299 3586 potuisse
316 3505 451 3585 spondeo.
493 3508 572 3570 Haec
595 3508 743 3568 hacteuus:
771 3511 853 3566 iubeo
877 3529 951 3568 nune
975 3513 1104 3569 lectorem
1129 3511 1157 3569 iu

65 3603 188 3661 tabulam
208 3601 281 3659 iufra
298 3599 463 3679 descriptam
488 3601 638 3660 seeundum
658 3621 778 3665 marmor
802 3604 943 3690 antiquum
962 3605 1075 3681 Augusti
1093 3604 1158 3667 anui

66 3696 268 3759 ordinatorem
286 3696 460 3778 eomplexuur
478 3696 586 3758 intueri.
637 3746 639 3748 .
