2550 4574
20 344 26 351 .
61 260 64 267 ’
148 274 239 326 ccx»
555 350 560 360 Ι
609 240 764 322 'nn‘nnrs

146 440 213 488 rum
230 426 315 487 elisae
332 425 406 484 inter
423 422 536 485 coedes
557 425 586 484 V
601 424 712 486 litterae
729 420 935 506 copiam'apud
950 426 1116 490 Schneider.
1134 446 1254 508 gramm

147 523 203 582 lat.
222 523 326 601 copios.
347 524 423 597 1,1,
442 539 472 598 p.
488 520 557 595 361,
569 521 637 579 362·
675 523 763 580 Sonci
782 521 867 599 igitur
884 541 987 582 nomeu
1005 542 1042 583 ex
1059 522 1255 602 indigitamen-

152 615 188 674 tis
206 614 373 675 Sabinorum
391 612 566 691 desumptum
590 613 714 672 existim
738 623 768 672 et
790 614 944 693 significare
969 615 1054 676 deum
1078 617 1128 695 qui
1154 620 1254 696 sancit,

106 717 109 721 ’
151 709 232 768 uelut
247 709 329 768 Aium
347 707 397 785 qut
415 708 471 783 ait,
497 706 633 784 Subigum
653 709 701 786 qui
719 708 830 785 subigit.
870 710 912 766 Ab
939 709 1039 769 eodem
1064 711 1155 770 uerbo
1180 713 1254 772 dicta

100 794 110 821 '
150 803 217 860 sunt
240 801 523 861 secundum‘Festum
542 820 573 881 p.
587 806 656 877 321,
669 807 706 859 21
721 801 775 861 sin.
794 803 942 879 sopmino,
967 805 1109 865 uerbenae
1132 823 1169 863 ex
1191 807 1253 866 loco

150 903 248 955 cauom
265 895 459 975 decerpendae
481 914 502 955 o
519 895 643 966 nonusis,
666 901 807 972 praetore,
834 895 934 974 lcpotis
956 894 1194 974 proficbcsotibcs
1216 898 1253 959 sd

149 989 250 1063 fundus
266 988 433 1063 fodendum.
463 988 535 1047 llam
554 990 591 1048 ob
610 1006 723 1047 causam
742 992 791 1067 qui
809 990 883 1049 uiam
902 989 1152 1068 proficiscebantur
1169 994 1253 1052 sacri·

143 1081 274 1163 jficabant
291 1083 401 1160 Sanco,
426 1083 474 1162 qui
492 1083 612 1163 hospitia
629 1089 727 1140 sancta
743 1091 886 1158 seruaret,
907 1082 964 1141 uid.
983 1084 1061 1143 Fest.
1080 1103 1112 1162 p.
1128 1088 1200 1162 229,
1217 1092 1253 1145 12

150 1175 203 1235 siu.
237 1177 352 1236 Scilicet
372 1185 490 1255 propter
506 1176 616 1255 hospitii
635 1175 842 1234 sanctimoniam
860 1174 906 1234 bic
924 1175 993 1235 deus
1012 1191 1192 1238 consecratus
1212 1180 1253 1239 di·

142 1269 223 1328 ”citur
241 1289 259 1328 a
278 1270 453 1328 Tertulliano
471 1269 508 1328 fr.
528 1269 557 1332 5.
594 1268 723 1346 Denique
747 1268 775 1327 iu
801 1267 886 1327 titulis
911 1270 1068 1347 ueteribus,
1095 1291 1167 1352 quos
1187 1274 1252 1333 uide

143 1362 227 1442 apud
245 1365 409 1442 interpretes
421 1362 526 1439 Ouidii,
544 1362 627 1422 scribi
644 1363 717 1421 solet
729 1365 841 1422 swnnu
854 1364 985 1438 Sonuere,
1006 1363 1083 1442 quod
1097 1366 1138 1425 ita
1150 1366 1252 1426 dmum

82 1460 85 1467 '
151 1467 195 1516 cst
207 1456 244 1516 ad
263 1455 602 1536 exprimendam'numiuis
621 1457 688 1530 uim,
708 1458 866 1514 utFaunus
878 1457 997 1532 Fatuus,
1017 1459 1098 1519 Anna
1110 1460 1251 1538 Perenna,

151 1551 220 1610 Aius
236 1551 387 1626 Loculius,
409 1550 503 1610 Mater
518 1552 643 1626 Matuta,
667 1551 793 1609 Fortuna
811 1550 894 1610 Fors.
933 1551 1079 1610 Vetustam
1105 1553 1134 1612 in
1159 1555 1251 1615 Sanco

149 1643 223 1704 banc
241 1662 301 1703 esse
319 1647 454 1704 rationem
475 1644 602 1704 docuerit
617 1645 785 1720 Augustinus
805 1663 830 1702 c.
851 1643 881 1702 d.
902 1646 951 1720 18,
973 1646 1024 1704 19:
1049 1645 1152 1707 Sabini
1169 1651 1249 1715 otioso

145 1744 239 1814 'repam
256 1757 338 1797 soum
356 1742 477 1816 pureum
495 1742 636 1814 Sancum,
661 1742 733 1807 dcc,
752 1745 785 1796 ct
802 1737 853 1796 olii
871 1740 919 1815 qui
937 1738 1095 1816 appellunt,
1116 1743 1249 1803 Sannum

148 1830 301 1907 mlulcmol
319 1834 349 1890 in
368 1831 442 1893 deos.
482 1832 631 1890 Semonem
651 1831 773 1890 Sancum
800 1833 848 1907 qui
866 1832 977 1891 Sabinis
1002 1833 1143 1891 diceretur
1169 1843 1198 1892 et
1222 1835 1247 1891 iu

150 1925 234 1983 rebus
253 1925 484 2002 sollemnioribus,
501 1925 576 1985 seriis
594 1924 741 1998 fastorum,
760 1923 978 1983 dedicationibus
994 1935 1024 1987 et
1037 1929 1166 2002 ostentis,
1186 1926 1246 1985 Liu.

148 2021 180 2093 8,
193 2022 247 2093 ²⁰3
267 2024 349 2093 32,1
370 2018 459 2077 dictus
478 2027 531 2094 est,
550 2021 647 2096 latine,
666 2001 789 2077 uelutin
809 2019 894 2075 sacris
905 2021 1057 2097 Argeorum
1076 2020 1154 2098 apud
1169 2022 1246 2080 Varr.

150 2111 187 2170 de
211 2112 231 2170 Ι.
250 2112 270 2170 l.
291 2111 321 2186 5,
341 2111 390 2188 52,
413 2113 496 2171 Dium
517 2113 627 2171 Fidium
654 2111 849 2185 enunciatum,
875 2113 958 2191 eique
982 2114 1159 2191 explicationi
1184 2114 1246 2174 nibil

148 2208 260 2265 obstare
278 2205 374 2281 credo,
394 2206 444 2263 uisi
464 2204 539 2284 quod
557 2206 689 2265 facillima
707 2214 762 2279 est,
782 2205 836 2263 boc
854 2215 907 2280 est,
925 2204 1002 2282 quod
1020 2207 1044 2264 si
1062 2224 1129 2264 uera
1148 2209 1186 2264 sit
1200 2227 1246 2266 ue-

148 2310 221 2358 teres
232 2296 329 2357 'latere
341 2318 397 2356 non
412 2300 535 2376 potuisse
555 2297 674 2356 uidetur.
704 2297 743 2354 Et
763 2306 856 2355 tamen
873 2299 897 2355 si
916 2299 953 2357 de
970 2299 1043 2359 louis
1060 2299 1116 2357 filio
1131 2309 1160 2356 et
1176 2300 1246 2358 ller-

148 2393 211 2465 culs
235 2392 497 2469 interpretationem
517 2392 622 2469 primus
642 2390 734 2450 Aelius
757 2391 830 2449 Stilo
855 2392 1022 2467 excogitauit
1044 2409 1077 2450 ac
1098 2391 1246 2469 Dionysius

148 2485 213 2542 Hal.
234 2490 265 2558 2,
284 2487 322 2540 49
347 2503 415 2540 uera
441 2485 526 2543 tradit
555 2485 596 2541 bis
628 2485 734 2541 uerbis:
766 2475 883 2543 Κάτων
908 2478 944 2542 δὲ
966 2476 1106 2563 Πόρκιος
1130 2479 1167 2543 τὰ
1194 2480 1246 2560 μὲν

142 2570 245 2652 ’ὄνομα
264 2575 308 2657 τῷ
329 2570 472 2650 Σαβίνων
492 2568 576 2635 ἔθνει
596 2572 729 2652 τεθῆναί
746 2595 841 2654 φησιν
862 2574 910 2636 tul
925 2571 1034 2652 Σάβου
1052 2576 1107 2636 τοῦ
1126 2571 1245 2654 Σάγκου

31 2682 33 2687 ’
148 2666 296 2759 dulcesce
321 2663 505 2745 ἐπιχωρίου,
531 2669 641 2727 τοῦτον
666 2665 701 2726 δὲ
727 2667 782 2730 τὸν
801 2664 924 2749 Σάγκον
947 2662 1009 2729 bnt
1029 2689 1121 2730 τινων
1136 2667 1244 2740 Πίςιον

88 2797 91 2801 ,
146 2761 311 2823 καλεῖσθαι
324 2757 401 2836 Δία,
420 2767 508 2820 altera
526 2763 673 2834 sententia,
693 2782 776 2841 quam
792 2767 864 2824 Cato
879 2766 968 2838 nouit,
988 2774 1101 2842 praeter
1120 2765 1243 2824 traditam

146 2878 164 2918 a
183 2876 267 2935 supra
287 2857 431 2914 nominatis
450 2863 479 2913 et
497 2856 643 2914 Lactantio
665 2862 693 2931 1,
716 2860 751 2915 15
771 2870 821 2917 aut
840 2859 956 2933 euicit,
976 2857 1014 2916 de
1031 2877 1087 2936 qua
1106 2860 1243 2917 coniectu·

80 2941 83 2949 ’
144 2971 204 3011 ram
224 2951 288 3025 feci,
309 2958 358 3008 aut
377 2950 433 3019 illa,
453 2968 536 3025 quam
552 2969 586 3006 ex
602 2950 729 3009 Varrone
748 2953 856 3010 referre
878 2952 988 3009 uidetur
1000 2950 1150 3028 Dionysius
1168 2959 1199 3027 2,
1208 2957 1242 3009 48

144 3046 182 3106 de
198 3044 293 3103 Modio
310 3042 428 3100 Fabidio
446 3044 505 3100 siue
519 3043 614 3101 Medio
629 3044 723 3120 Fidio,
746 3032 855 3114 Quirini
874 3046 942 3119 filio,
960 3045 1075 3102 Curium
1094 3046 1242 3103 conditore.

144 3143 222 3199 Haec
240 3138 336 3196 fabula
354 3137 377 3193 si
396 3138 533 3194 recentior
549 3156 603 3194 non
619 3147 662 3195 est
677 3138 841 3209 Catoniana,
863 3157 926 3200 cum
942 3137 1089 3196 absurdior
1103 3138 1151 3211 sit,
1169 3147 1241 3194 utra-

144 3250 200 3310 que
218 3240 293 3289 certe
312 3230 443 3288 recedere
466 3248 484 3287 a
510 3231 790 3306 religionisSabiuae
817 3233 944 3308 ingenio,
970 3239 1104 3308 quantum
1122 3229 1241 3286 iudicare

143 3327 220 3400 licet,
240 3323 350 3380 uidetur
368 3333 397 3382 et
416 3325 505 3382 alters
524 3322 639 3380 alteram
659 3328 773 3383 euertit:
794 3325 948 3382 inauditum
968 3325 1040 3382 enim
1060 3330 1104 3380 est
1121 3321 1241 3380 Sancum

143 3429 173 3478 et
194 3418 305 3475 Fidium
324 3417 447 3476 diuersos
473 3435 534 3476 essa
558 3415 642 3491 deos,
664 3433 718 3474 uec
736 3415 855 3475 Ouidius
881 3419 909 3474 in
934 3435 970 3475 eo
995 3416 1152 3475 discrimine
1169 3413 1243 3472 aliud

141 3510 219 3590 quid,
236 3526 324 3586 quam,
338 3509 411 3566 lusit.

217 3604 359 3660 Hactenus
378 3601 414 3659 de
434 3602 509 3677 deis,
537 3622 656 3679 quorum
677 3603 788 3660 nomina
813 3612 920 3661 tautum
940 3603 1148 3660 obsoleuerant.
1186 3600 1241 3659 Ve-

140 3699 187 3756 nio
207 3697 243 3757 ad
263 3696 380 3753 alterurn
399 3713 486 3772 genus
504 3696 619 3754 deorum
638 3698 815 3754 incertorum.
852 3698 1039 3755 Carmenta
1058 3695 1240 3772 post-Varro·

140 3809 204 3849 nem
223 3789 283 3847 fere
303 3787 397 3844 habita
415 3797 457 3845 est
476 3807 528 3866 pro
548 3789 601 3846 dea
620 3789 741 3858 fatidica,
761 3807 778 3846 a
797 3790 913 3865 Virgilio
933 3791 1002 3847 Aen.
1021 3793 1051 3857 8,
1063 3789 1239 3860 sas-341,

66 3905 69 3909 »
138 3881 370 3954 suracusas,
390 3900 419 3957 p.
433 3883 489 3937 sne
509 3882 649 3956 'rancun
669 3883 803 3958 Dionysio
823 3883 887 3939 nar.
911 3888 940 3956 1,
956 3886 1005 3956 ar,
1019 3866 1193 3950 nocua
1214 3885 1239 3953 r,

138 3976 314 4049 515-536,
334 3976 401 4043 584,
421 3975 520 4052 quibus
545 3976 573 4031 in
600 3975 666 4032 locis
691 3976 738 4032 uix
765 3983 825 4050 est,
854 3975 922 4051 quin
949 3974 1105 4031 uetustioris
1125 3975 1239 4032 alicuius

137 4079 257 4149 poetae,
282 4068 364 4126 Ennii
389 4068 528 4141 fortassis,
554 4067 629 4125 fictio
657 4061 818 4147 repetatur,
845 4067 921 4124 unde
945 4067 1048 4126 deinde
1069 4066 1190 4126 Ouidius
1207 4070 1236 4141 6,

135 4163 302 4221 aas-542
322 4163 478 4240 exemplum
501 4161 627 4238 sumpsit.
673 4163 804 4219 Porrima
827 4161 887 4217 siue
906 4161 1083 4237 Anwuortc,
1110 4161 1233 4220 Macrob.
