2550 4574
529 274 682 351 omerus
728 333 733 341 ,
1039 283 1163 337 ccxnur

63 431 117 488 bns
131 429 276 488 mulierum
292 427 422 502 traditur,
441 427 499 489 nid.
508 429 646 509 Harmng.
661 435 688 511 1,
698 448 728 509 p.
738 431 788 505 at,
804 437 835 489 et
848 430 1004 509 exemplum
1019 432 1089 499 luno
1106 437 1161 503 ’ute

62 525 194 593 Couella,
213 523 413 600 qualiscunque
430 523 493 584 fuit.
521 523 625 583 Diuam
637 524 778 584 Monetam
791 522 887 583 Liuius
898 523 1069 586 Andronicus
1083 529 1160 608 apud

61 617 151 676 Prisc.
165 627 186 675 t.
199 624 228 692 1,
239 637 269 695 p.
281 620 339 675 220
351 616 403 674 Kr.
419 615 497 692 dixit,
516 636 599 696 quam
613 618 747 677 lunonem
758 618 901 679 Monetam
919 621 1090 680 moseorauit
1103 623 1160 685 c·-

62 711 156 771 millus
175 709 274 769 eodem
292 708 419 788 proiecto
438 712 510 786 iure,
529 731 585 790 quo
605 712 651 771 alii
669 712 818 774 Pecuniam
837 711 929 786 deam,
948 711 1065 789 August.
1082 714 1159 779 cd.

62 808 96 879 4,
113 811 164 879 21,
184 805 231 862 alii
248 803 343 862 Iouem
361 802 529 879 Pecuniam,
555 805 593 862 id.
611 808 715 880 7,11;.
731 810 777 862 12.
816 804 998 865 Manifestum
1014 814 1057 864 est
1075 807 1159 866 luno·

62 918 127 958 nem
147 898 277 957 selectam
292 886 484 973 Domiducam‚
504 900 619 976 August.
633 902 666 970 7,
677 904 708 973 3,
726 899 791 957 olim
810 898 932 958 mundam
952 897 1055 957 ordinis
1074 899 1178 962 suioec.

62 1012 127 1051 cum
147 991 201 1049 deo
219 991 326 1049 minuto
345 990 515 1063 Domiduco,
541 992 580 1050 id.
600 995 630 1067 6,
647 994 678 1066 9,
702 1009 754 1050 nec
778 992 815 1051 de
833 991 927 1051 multis
946 993 1005 1051 aliis
1023 991 1159 1054 difficilius

61 1096 106 1146 est
124 1085 264 1144 iudicium.
303 1084 379 1142 Nihil
397 1085 481 1162 igitur
498 1105 600 1144 camno
619 1085 744 1144 existimo
762 1103 838 1159 esse,
863 1104 913 1144 cur
931 1104 995 1146 cum
1013 1087 1159 1166 Hartungo

62 1187 94 1254 2,
112 1199 144 1259 p.
155 1181 194 1236 68
213 1177 352 1236 officinam
370 1179 536 1237 monetalem
556 1197 657 1239 nomen
676 1178 785 1253 dedisse
799 1179 870 1239 deae
884 1188 1022 1257 putemur.
1051 1180 1096 1239 Ea
1113 1179 1161 1240 ol'·¹

61 1275 145 1332 licina
164 1292 214 1330 cur
232 1270 296 1330 aedi
317 1271 447 1329 adiuncta
464 1272 560 1346 fuerit,
580 1274 619 1331 uti
631 1273 728 1333 Liuius
739 1279 768 1344 o,
780 1277 819 1330 20
838 1280 965 1348 testetur,
983 1275 1096 1351 ignotos
1114 1274 1158 1333 lo·

61 1387 111 1425 cus
130 1365 235 1425 Suidae
252 1385 277 1423 s.
297 1383 325 1423 u.
345 1362 481 1441 Moniyrn
500 1366 635 1425 indicatus
658 1376 702 1424 est
720 1367 756 1424 eb
775 1367 936 1444 Hartungo‚
961 1378 997 1425 ox
1015 1385 1072 1445 quo
1089 1386 1158 1429 cun·

59 1462 196 1520 iecturam
215 1459 410 1517 instituendam
431 1459 489 1516 aliis
509 1460 645 1537 relinquo.
1245 1522 1250 1535 ⁸

138 1553 271 1612 Lunam
295 1561 326 1611 ut
344 1552 510 1611 Sabinorum
530 1571 631 1612 numen
651 1561 799 1630 putemus,
818 1572 873 1611 non
890 1553 1031 1613 sufiiciunt
1048 1556 1158 1615 Varro-
1260 1570 1264 1577 '

60 1647 105 1706 nis
123 1645 160 1704 de
178 1645 198 1703 1.
208 1646 228 1706 1.
243 1647 274 1721 6,
283 1649 323 1704 74
341 1657 370 1704 et
387 1645 463 1724 apud
483 1648 664 1723 Augustinum
684 1664 708 1704 c.
719 1645 748 1704 d.
762 1647 793 1720 4,
807 1651 844 1703 23
864 1648 1018 1706 testimonia
1034 1647 1071 1707 de
1081 1650 1159 1709 Tatii

60 1740 269 1798 consecratione
282 1749 358 1798 recte
372 1749 502 1797 monente
516 1739 693 1798 Ambroscbio
706 1759 736 1817 p.
748 1743 805 1798 172
819 1758 884 1798 ann.
897 1743 946 1814 68,
965 1740 1012 1798 ubi
1030 1741 1066 1800 de
1080 1744 1158 1804 cultu

59 1836 122 1893 eius
141 1833 211 1892 deae
229 1851 302 1912 qnae
321 1844 386 1893 uota
405 1844 484 1907 sunt,
504 1833 638 1893 inuenies.
678 1834 829 1910 Templum
847 1832 878 1890 iu
896 1834 1045 1908 Auentino,
1064 1833 1120 1894 ou.
1137 1841 1158 1895 3

58 1927 124 2001 iim,
152 1945 189 1984 ne
207 1926 422 1986 confunderetur
441 1947 503 1984 cum
523 1927 701 1987 Auentinensi
719 1927 826 1984 Dianae
845 1925 934 2000 aeda,
960 1944 1045 2004 supra
1064 1929 1159 1989 monui

58 2041 92 2100 p.
102 2038 197 2078 xurv.
231 2019 294 2097 ipsa
308 2021 361 2079 dea
377 2030 407 2089 ut
421 2030 627 2098 permutaretur
645 2041 707 2079 curn
722 2020 832 2078 Diana
850 2037 868 2078 a
886 2018 1056 2097 quibusdum,
1074 2021 1158 2080 Van.
1229 2070 1231 2075 .

58 2115 100 2172 de
118 2114 139 2174 Ι.
156 2115 176 2172 1.
195 2116 226 2188 b,
242 2117 291 2189 68,
317 2113 422 2172 sactum
442 2123 484 2171 est
504 2132 604 2190 graeca
630 2114 709 2172 buius
735 2114 981 2190 interpretatione,
1006 2113 1159 2190 quaesere

59 2208 219 2267 continetur
237 2207 328 2264 uerbis
348 2208 492 2282 Augustini
511 2227 536 2265 c.
556 2207 584 2264 d.
605 2211 635 2281 7,
650 2211 701 2265 llis
726 2210 903 2282 Dianamque
919 2223 1081 2281 pannonum
1098 2210 1158 2267 ciue
1209 2251 1212 2255 -

58 2301 187 2360 similitor
203 2301 300 2359 lunum
317 2307 344 2358 ot
361 2302 472 2358 uiarum
490 2299 653 2377 praesidum.
689 2298 765 2358 Vnde
776 2306 803 2357 ot
815 2301 949 2373 uirginem
961 2299 1067 2370 661661,
1086 2300 1159 2378 quod

57 2398 111 2453 scio
122 2395 191 2453 nibil
202 2398 307 2472 puriot.
337 2387 479 2469 Ἄρτεμις
494 2386 667 2472 φωσφόρος
686 2403 715 2451 et
733 2384 928 2469 σελασφόρος
940 2402 984 2451 est
997 2393 1159 2470 apndPau·
1250 2438 1253 2443 -

56 2489 180 2563 naniam3
200 2506 253 2546 nec
265 2487 346 2548 facile
359 2491 458 2547 liiuiu
470 2497 582 2566 praeter
595 2505 679 2567 quam
697 2507 715 2544 a
732 2487 821 2564 poetis
839 2495 1080 2556 commemoratur,
1099 2487 1158 2547 uid.

57 2583 144 2640 Varr.
164 2581 201 2640 de
219 2583 240 2640 1.
260 2582 281 2640 1.
300 2585 331 2655 t,
347 2585 394 2640 16.
438 2583 529 2639 Diana
547 2581 648 2641 Latine
671 2589 715 2639 est
740 2579 817 2657 apud
837 2577 968 2638 Ouidium
987 2582 1158 2659 d,261sq.;
1269 2599 1272 2604 ·

58 2675 109 2732 ubi
129 2692 201 2752 quae
219 2673 384 2748 traduntur,
411 2675 527 2733 aliorum
552 2674 679 2733 sanorum
706 2674 861 2733 cerimoniis
879 2672 962 2731 facile
980 2682 1159 2734 astruunturt

58 2768 173 2827 castitas
191 2767 261 2826 deae
274 2769 455 2846 Hippolytum
472 2769 587 2826 amantis
606 2768 742 2828 indicatur
758 2787 855 2827 seuera
874 2768 938 2844 lege
956 2765 1034 2824 aedis
1052 2769 1080 2825 iu
1095 2767 1159 2826 uico
1182 2784 1185 2789 ·

57 2861 177 2938 patricio
197 2860 273 2937 apud
285 2859 425 2920 Plutarch.
438 2882 485 2941 qu.
500 2880 524 2920 r.
537 2865 571 2918 3:
593 2881 687 2920 nemus
707 2873 736 2921 et
754 2872 882 2940 stagnum
897 2861 1035 2918 Aricinum
1056 2870 1085 2917 et
1103 2859 1160 2918 luci

58 2954 120 3012 aliis
138 2954 166 3011 in
186 2954 264 3029 locis,
282 2955 339 3012 uid.
356 2954 516 3015 Ambroscb.
529 2974 558 3032 p.
573 2959 639 3030 161,
658 2962 774 3014 66613
793 2957 933 3033 pertinent
949 2954 985 3012 ad
999 2951 1159 3011 horrificum

58 3047 133 3105 deae
152 3066 265 3123 numen,
284 3047 364 3125 quod·
379 3056 506 3105 metuunt
524 3058 650 3126 pastores
670 3048 801 3108 Ouidiani
818 3053 848 3122 4,
861 3051 935 3105 7611
955 3046 1078 3123 inprimis
1097 3063 1159 3104 mc·

58 3142 193 3199 motabile
207 3152 248 3199 est
262 3141 367 3217 asylum
381 3142 528 3211 Aricinum,
547 3144 592 3200 cui
607 3144 696 3200 simile
714 3143 799 3199 fuisse
818 3144 845 3199 in
864 3139 935 3199 aede
948 3139 1085 3198 Auentina
1105 3156 1160 3216 apa

58 3244 143 3311 paret
162 3252 196 3291 ex
214 3235 299 3292 Festo
318 3254 348 3312 p.
362 3238 431 3309 343,
444 3240 462 3293 7
476 3237 536 3310 sin,
561 3238 678 3294 maxime
696 3253 731 3292 cx
750 3235 858 3310 argutia
878 3233 1120 3308 grammaticorum
1140 3250 1158 3290 a

57 3327 196 3386 Muellero
215 3329 360 3402 illustrata,
379 3330 426 3405 qui
441 3328 640 3407 huncquoque
659 3329 741 3385 ritum
762 3345 797 3383 ex
816 3343 916 3402 graeco
937 3315 1055 3403 ἐλάφου
1073 3326 1159 3402 sigui·

59 3420 148 3478 ficatu
167 3422 367 3500 explicuerunt.
397 3422 452 3480 Per
470 3421 642 3479 decemuiros
656 3421 804 3496 Sibyllinos
820 3437 934 3496 graecas
953 3418 1099 3498 religiones
1115 3419 1159 3478 iu·

60 3511 162 3571 ductas
181 3513 251 3572 deae
270 3532 331 3573 esce
348 3526 442 3572 monet
461 3515 623 3573 Clausenius
642 3534 672 3591 p.
684 3516 752 3573 266.
1120 3530 1123 3535 ·

135 3606 181 3666 De
198 3606 363 3667 Minerua
381 3609 505 3666 certatim
525 3617 713 3685 exposuerunt
730 3607 826 3666 Muell.
846 3607 908 3665 Etr.
927 3611 958 3681 2,
979 3626 1008 3684 p.
1021 3605 1157 3680 48-51,

58 3700 220 3777 Hartungus
229 3706 261 3776 2,
274 3721 304 3779 p.
314 3705 351 3760 78
361 3701 415 3778 sq.',
434 3701 626 3759 Ambroschius
640 3721 669 3779 p.
682 3704 747 3775 173,
767 3699 928 3759 Claurenius
940 3718 971 3776 p.
983 3700 1156 3758 uel-704.
1260 3718 1267 3729 ·

58 3791 151 3850 Nemo
170 3795 364 3852 animaduertit
378 3796 532 3852 Mineruam
551 3795 637 3853 fuisse
655 3795 726 3853 inter
745 3793 812 3851 deos
826 3796 945 3852 minutos
965 3793 1169 3870 indigitameu·'

58 3896 169 3961 torum,
198 3888 262 3946 uide
280 3908 310 3964 p.
322 3907 487 3946 cnxxxvn
507 3891 571 3946 ima.
612 3889 681 3945 Hinc
706 3886 836 3945 credibile
856 3897 899 3945 est
916 3887 1083 3944 Sabinorum
1103 3903 1157 3940 nu-

58 3998 123 4038 men
138 3981 235 4056 fuisse,
255 3991 339 4059 prout
358 3992 474 4040 testatur
488 3984 576 4040 Varro
587 3980 622 4040 de
634 3982 654 4040 1.
666 3983 685 4041 1.
699 3982 788 4057 8,·14,
807 3983 884 4038 cuius
897 3979 1064 4057 significatus
1083 3977 1156 4049 (nid.

58 4073 136 4132 Fert.
155 4076 325 4152 p.205,12)
351 4076 479 4134 facillime
503 4074 643 4151 effecerit,
670 4083 701 4133 ut
723 4083 832 4133 maturo
850 4072 966 4131 artificia
984 4071 1030 4128 illa
1050 4071 1155 4142 omnia,

59 4184 132 4246 quae
150 4168 269 4230 Ouidius
288 4173 317 4246 3,
331 4170 498 4229 ern—834
516 4169 753 4249 Quinquatribus,
778 4164 916 4239 ortifimnn
933 4164 1114 4239 (ΓΜ-161668
1128 4163 1157 4219 16

845 4260 875 4328 Q
891 4263 913 4316 2
