2550 4574
145 258 341 310 cosmam
385 238 406 341 s
622 248 758 315 consens

100 395 104 401 ¹
146 413 211 475 dem
231 414 295 473 libri
317 411 388 473 sesti
407 413 507 472 naba
526 408 611 489 uibil,
636 422 668 471 nt
690 420 780 491 puto,
804 409 911 488 culpari
933 393 1027 490 potest
1050 410 1080 470 is
1102 411 1244 492 smlptnrs'

51 528 54 532 '
122 499 263 588 'fidamus
294 507 444 583 librorum,
472 514 504 565 nt
528 505 726 565 transeundum
758 506 794 564 sit
824 504 861 563 ad
886 504 1029 582 uulgarem
1055 504 1241 565 Vnimanum.-

144 600 289 660 Postremo
307 599 381 658 idem
399 599 444 658 hic
463 600 532 658 liber
550 599 667 658 testibus
684 596 822 658 Politiano
846 598 875 656 in
901 596 1011 657 schedis
1030 605 1061 655 et
1080 597 1231 658 Heinsioin

144 695 324 754 annotatione
349 694 482 779 impressa
502 694 614 770 elegans
639 692 747 750 initium
769 693 831 751 libri
856 689 967 768 septimi
991 689 1128 749 fastorum
1146 686 1236 753 tradit.⁴

144 787 283 858 Quicum
302 806 337 847 eo
354 788 513 865 saepissime
531 790 721 863 consentiunt,
739 781 960 845 Zuliclremiauus
978 791 1008 842 et
1025 783 1229 860 Mazariniaom,
1271 776 1273 821 :

144 899 200 940 non
222 881 288 938 satis
307 891 399 940 certus
416 899 495 956 sum,
516 891 606 940 utrum
626 892 690 960 post
708 880 947 958 interpolationem
966 876 1041 934 illam
1060 877 1228 956 longobardi-

144 991 206 1033 cam
224 973 317 1032 denuo
335 976 390 1033 sint
405 976 578 1052 interpolati,
597 994 632 1034 an
649 995 711 1034 cum
730 975 789 1048 illo,
810 973 887 1030 cuius
907 971 1007 1030 omusa
1025 971 1062 1029 sit
1079 971 1227 1044 auctoritas,

144 1070 311 1146 conspirent.
344 1067 500 1148 Vtrumque
518 1071 591 1127 enim
605 1069 664 1129 fieri
684 1069 785 1148 potuit.
813 1065 877 1127 Lib.
890 1068 989 1139 2,110
1010 1063 1152 1127 mastos
1169 1061 1227 1135 olor,

143 1161 182 1220 ib.
202 1164 261 1220 274
282 1161 397 1235 (luibae,
423 1163 461 1221 ib.
481 1163 538 1220 499
556 1161 640 1221 subm
658 1180 792 1240 mopsos,
817 1160 856 1218 ib.
875 1158 933 1217 725
952 1157 1019 1216 dum
1035 1175 1089 1217 sos
1106 1153 1230 1231 difficilis,

144 1255 176 1331 4,
188 1258 225 1327 83
250 1258 323 1330 Erpa
341 1273 389 1330 epo
408 1260 468 1312 ium
487 1254 566 1332 loapa
583 1258 725 1335 multaque
738 1255 792 1312 alia
805 1261 926 1330 utroque
944 1252 973 1310 in
992 1252 1065 1309 libro
1078 1251 1161 1329 plane
1172 1255 1226 1309 sunt

143 1348 295 1425 consimilia
312 1349 497 1426 superioribus
515 1349 567 1408 illis
581 1347 721 1407 Vrsiniani
739 1356 768 1406 et
786 1344 939 1405 eorundem
951 1345 1093 1423 scripturis
1104 1345 1225 1413 amus

147 1443 300 1516 roncas,
326 1459 379 1518 prro
397 1444 530 1503 moris.
567 1441 771 1501 Mazarinianus
791 1449 882 1499 tamem
908 1437 1164 1509 aZulicbemiano,
1186 1434 1227 1516 qd

143 1542 173 1595 et
190 1535 251 1613 ipse
276 1526 377 1592 ibidem
395 1535 579 1613 interpolatus
596 1544 654 1606 est,
678 1535 793 1594 desciuit
811 1532 848 1591 ad
868 1530 1045 1590 Arundeliani
1063 1539 1094 1590 et
1112 1526 1225 1590 Vosffi

143 1637 248 1687 oectam
273 1633 301 1703 1,
314 1629 373 1685 474
398 1626 485 1686 dabat
508 1646 575 1687 uero
601 1631 728 1688 carmina
749 1627 847 1707 plasto,
872 1630 903 1700 2,
917 1627 987 1698 47οε
1012 1643 1065 1702 pro
1090 1642 1144 1702 quo
1164 1637 1226 1683 m

42 1794 49 1811 ι
143 1721 272 1799 dignum,
296 1720 334 1780 ad
353 1718 421 1780 alios
442 1723 544 1796 1,395
560 1722 644 1800 palidi
663 1722 766 1796 lycaei,
790 1728 818 1778 et
836 1718 981 1798 aliquoties
1001 1720 1119 1794 a,6tta;
1136 1714 1240 1793 Mil

143 1813 180 1874 ad
199 1815 315 1872 alteram
334 1813 483 1873 factionem
497 1814 643 1892 Italicam,
670 1816 707 1874 de
725 1832 780 1892 qua
799 1812 873 1870 infra
892 1810 1016 1887 dicetur,
1039 1809 1117 1890 quod
1134 1811 1163 1868 in
1177 1812 1225 1867 mh

142 1908 246 1968 recenti
265 1908 334 1966 libro
354 1925 410 1965 non
429 1916 471 1966 est
489 1906 691 1967 admirandum.
724 1905 835 1968 Verum
855 1914 1025 1968 ueteratores
1043 1905 1106 1964 illos
1117 1902 1226 1963 Vrsiuir·

144 2018 211 2081 num
229 2011 258 2060 et
276 1989 513 2060 Zulicbamianum
531 2003 649 2060 maxima
667 2021 731 2060 cum
749 2001 880 2060 cautione
897 1999 981 2058 fuisse
1000 1997 1172 2076 usurpandos
1188 2010 1226 2054 sa·

142 2095 178 2155 fis
195 2114 259 2155 reor
269 2114 314 2154 me
327 2094 490 2171 ostendisse,
504 2113 677 2176 ¹quamquam
689 2094 889 2174 spoponderim
907 2100 1018 2172 praeter
1037 2092 1114 2151 locos
1132 2106 1226 2151 memo·
1245 2081 1249 2089 ’

142 2190 210 2249 riter
232 2207 250 2248 a
273 2207 319 2248 me
343 2189 468 2267 prolatos
494 2190 596 2248 alteros
622 2187 737 2248 totidem
762 2193 905 2248 inuentum
931 2185 1018 2263 iripin
1043 2186 1226 2245 annotationes

141 2282 209 2342 utile
231 2283 328 2360 putaui
350 2283 523 2343 calidioribus
546 2283 644 2342 barum
670 2292 762 2342 rerum
785 2282 1007 2342 aestimatoribus
1033 2278 1136 2358 aliquid
1156 2275 1227 2356 qnod

141 2384 256 2453 agerent
274 2376 400 2454 relinqui.
438 2377 497 2437 Sed
521 2375 633 2436 eosdem
656 2377 741 2436 libros
760 2370 854 2434 nonne
876 2383 986 2434 secutus
1007 2392 1086 2448 sum,
1113 2370 1228 2429 Vrsinia·

141 2487 208 2535 num
228 2471 258 2542 4,
273 2470 347 2544 295,
376 2468 613 2528 Zuliclrcmianum
632 2474 662 2545 2,
676 2472 749 2545 7393
768 2471 799 2546 5,
810 2473 849 2528 77
876 2480 905 2528 et
929 2469 1062 2528 similibus
1086 2475 1230 2542 utrumque

142 2561 207 2621 alibi
223 2561 250 2637 in
269 2560 491 2622 discriminibus?
517 2562 633 2638 Fateor,
654 2571 683 2621 et
701 2564 791 2641 ipsum
808 2561 879 2621 adeo
897 2554 1113 2621 Mazarimmum
1132 2564 1162 2636 2,
1176 2559 1231 2616 229

142 2674 177 2715 ac
192 2654 278 2714 semel
297 2655 373 2714 bisue
391 2665 548 2733 praeterea.
586 2656 636 2732 Et,
653 2656 756 2732 fateor,
775 2657 853 2716 nimis
871 2655 994 2714 fortassis
1012 2653 1177 2732 suspiciosus
1191 2649 1230 2711 fui

138 2750 170 2809 'in
189 2748 341 2808 eorundem
358 2749 500 2826 scripturis
518 2755 549 2824 2,
562 2750 621 2809 592
640 2757 749 2810 uestros
765 2752 876 2828 puoto,
901 2767 975 2827 quae
999 2747 1118 2808 sortasse
1133 2746 1187 2807 fuit
1203 2746 1230 2805 in

141 2842 296 2918 llieldensi,
322 2847 350 2914 3,
362 2844 421 2900 294
439 2841 544 2914 assidit,
568 2842 600 2918 5,
615 2837 658 2901 25'
673 2843 725 2902 bos
742 2851 784 2902 est
803 2842 856 2902 deu
874 2859 957 2903 maso
973 2848 1120 2922 porrarias,
1145 2844 1176 2916 6,
1193 2841 1230 2899 dd

139 2939 223 3015 sipon
240 2936 356 3012 doloris,
376 2938 406 3011 6,
419 2938 474 2993 142
493 2937 609 2996 Noeris
624 2941 739 2997 Morsu.
779 2937 901 3014 Scilicet,
920 2947 951 2997 ut
970 2954 1054 3015 snpra
1073 2934 1140 3011 dixi,
1156 2933 1231 2992 nulla

140 3040 184 3091 est
197 3030 344 3106 dubitatio,
363 3030 429 3109 quin
442 3028 602 3089 Vrsinianus
620 3032 655 3089 sit
667 3038 843 3109 peruetustus
857 3040 885 3090 at
898 3031 964 3109 quin
984 3048 1078 3089 omnes
1098 3047 1133 3087 ex
1153 3044 1230 3106 egre·

37 3182 40 3192 .
139 3126 186 3203 gia
205 3124 311 3204 origine
328 3125 385 3184 sint
402 3123 557 3202 repetendi.
587 3123 737 3202 Couspirat
755 3125 802 3185 illa
818 3145 873 3184 non
890 3125 975 3184 semel
989 3143 1052 3182 cum
1065 3123 1230 3196 Petauiano,

139 3219 217 3277 uelut
233 3219 263 3278 in
282 3218 418 3278 eliciendo
436 3218 531 3296 inepto
551 3215 668 3276 disticho
681 3219 758 3296 quod
772 3218 849 3298 apud
861 3220 1050 3278 Burmannum
1068 3219 1230 3288 1312203,

18 3340 20 3345 ·
138 3314 212 3370 2042
238 3313 414 3371 consentiunt
439 3329 535 3369 omnes
559 3330 622 3369 cunr
647 3312 789 3372 llfeldensi
808 3331 1023 3392 saepenumero.
1060 3311 1113 3369 Est
1130 3307 1230 3368 deinde

138 3404 385 3489 exploratissimum
404 3402 533 3480 codices,
558 3424 629 3483 quos
646 3407 765 3465 maxime
782 3407 885 3482 amani,
904 3407 1087 3465 Petauiannm
1109 3412 1138 3465 et
1155 3403 1230 3462 Mal·

137 3497 348 3556 lcrsdorfianum
373 3505 403 3556 et
433 3497 593 3556 fidissimum
625 3517 763 3579 quemque
792 3500 952 3578 saepissime
984 3517 1044 3558 esse
1072 3495 1229 3580 mendosos.

23 3588 30 3598 '
137 3591 233 3649 Graue
252 3601 295 3650 est
321 3591 476 3668 exemplum
496 3593 526 3666 6,
547 3595 621 3667 178,
646 3611 729 3671 quem
750 3611 863 3652 uersum
882 3595 930 3672 qui
953 3594 1089 3671 integrum
1109 3591 1228 3670 putabit,

20 3722 26 3731 -
135 3685 252 3760 suadeo,
272 3685 448 3768 necriticam
465 3683 592 3743 affectate
612 3686 771 3746 coniectura
790 3696 886 3747 nostra
907 3705 942 3746 ex
962 3680 1097 3744 uersiculo
1112 3683 1228 3741 Martin-

135 3778 169 3839 lis
188 3787 217 3838 et
235 3779 319 3838 Plinii
336 3779 398 3839 loco
417 3777 536 3836 conflata
555 3778 689 3839 concedet
703 3781 890 3840 lubentissime
902 3780 1020 3853 meliori,
1038 3778 1148 3836 interim
1168 3793 1228 3835 sese

30 3910 33 3915 -
134 3873 266 3932 tuebitur.
304 3873 381 3950 Ergo
401 3889 464 3954 cum
482 3871 602 3948 primum
620 3873 783 3932 Vrsinianus
807 3874 915 3952 integer
932 3873 1048 3931 collatus
1069 3869 1173 3945 fuerit,
1192 3868 1228 3928 de

133 3967 276 4046 scripturis
294 3966 429 4046 plurimis,
448 3984 565 4043 quorum
583 3967 672 4025 minus
690 3976 818 4046 suspecta
837 3967 907 4027 fides
925 3967 989 4042 erit,
1008 3967 1104 4043 ingens
1123 3964 1228 4021 orietur

132 4059 305 4139 disceptatio.
344 4057 452 4121 Verum
465 4058 525 4135 lroc
543 4069 602 4134 est,
628 4078 678 4117 cur
697 4078 787 4140 aequo
806 4063 898 4121 animo
916 4060 1052 4119 caruerim
1070 4057 1126 4118 bns
1143 4055 1224 4118 libro.

129 4152 264 4215 Nondum
282 4154 322 4215 ita
340 4153 501 4217 confirmata
519 4162 563 4215 cst
580 4155 609 4214 in
628 4153 779 4216 Germania
798 4156 869 4217 ratio
887 4154 981 4215 sanior
999 4153 1108 4230 critica,
1127 4160 1158 4219 ut
1176 4168 1224 4212 ac·
