2550 4574
436 278 438 283 ·
527 269 682 319 senncme
1023 274 1162 357 ccxxvnr
1215 334 1217 340 ¹

130 423 264 483 lanum
281 420 364 482 deum
377 421 424 505 qui
438 421 504 483 nihil
519 440 642 519 unquam
660 419 899 499 inmodicarum,
917 442 1003 504 quarn
1020 426 1161 491 initiorum

59 527 149 597 atque
166 517 293 575 introitus
313 518 457 595 exitusque
475 527 628 596 potentem,
648 518 809 594 Hartungus
828 525 858 576 et
870 517 1045 597 Clausenius,
1063 523 1167 587 uidem,
1193 554 1199 578 ι

60 621 108 671 tor
127 609 194 668 milri
212 609 354 686 ignorasse
377 609 521 669 discrimen
544 611 620 691 quod
643 619 687 670 est
709 611 782 671 inter
799 609 883 671 deum
903 622 1011 672 certum
1029 621 1059 674 et
1077 614 1162 677 deum

58 705 202 764 selectum.
241 702 365 762 Deorum
391 712 531 762 certorum
556 705 720 782 praesertim
746 722 781 763 ex
805 704 1021 784 indigitamentis
1044 708 1162 788 simplex

59 805 104 861 est
121 797 213 872 notio,
231 796 294 874 ipso
313 797 425 856 nomine
443 798 559 873 inclusa,
579 797 690 876 qualem
704 798 802 859 lanum
815 800 1025 863 commemorari
1043 799 1163 862 uidimus

59 891 225 953 simeone
244 888 292 948 lib.
305 889 382 964 XlV,
401 889 438 952 fr.
450 889 481 964 d,
500 889 553 949 cfr.
571 892 688 969 August.
709 912 735 963 c.
755 892 785 953 d.
805 897 836 969 7,
843 899 876 961 ,3.
916 894 1090 973 selectorum
1107 913 1163 979 per

59 985 166 1045 cultum
186 983 296 1042 ciuilem
315 993 344 1042 et
363 984 551 1043 additamenta
563 986 711 1063 peregrina
726 987 894 1066 amplificata
912 994 956 1047 est
972 988 1034 1065 ipsa
1052 987 1101 1053 illa
1117 988 1163 1047 in·

59 1076 189 1138 formatio
208 1076 340 1156 primaria
366 1087 396 1136 et
417 1077 455 1138 ad
474 1079 606 1137 maiorem
625 1087 723 1138 euecta
741 1078 913 1158 dignitatem.
952 1076 1029 1138 Cum·
1043 1081 1163 1163 primum

59 1171 173 1251 publice
192 1168 231 1228 ad
248 1169 357 1245 lanum,
377 1180 409 1230 ut
426 1179 508 1250 puto,
527 1172 623 1242 imum,
641 1171 723 1243 (ιιίΙιίΙ
736 1174 809 1233 ιιιιίιιι
823 1174 998 1251 exploratum
1016 1177 1085 1249 est,)
1104 1174 1180 1239 leui„

59 1265 193 1325 sacellum
212 1282 275 1321 cum
296 1263 417 1329 bifronte
435 1265 554 1342 imagine
575 1263 731 1349 dedicatum
751 1276 803 1338 est,
822 1266 1090 1344 Ou.1,25·t,2re‚
1108 1267 1162 1347 cir,

60 1357 183 1417 Tertull.
203 1355 240 1415 ad
260 1365 317 1414 nat.
332 1362 362 1431 2,
378 1358 413 1415 15
433 1367 463 1417 et
479 1357 611 1416 Gothosr.
627 1377 656 1436 p.
668 1360 736 1432 172,
755 1357 831 1419 unde
844 1361 979 1419 Geminus
998 1359 1088 1421 dictus
1107 1369 1164 1439 est,

59 1449 192 1531 quicquid
219 1458 317 1509 contra
343 1451 410 1510 dicit
435 1451 566 1511 Saclrsius
590 1450 683 1511 deser.
702 1453 811 1512 Romae
831 1458 864 1538 1,
889 1472 919 1532 p.
934 1454 1069 1527 97‚127=
1097 1459 1165 1513 tuno

58 1545 144 1607 etiam
165 1543 254 1605 aaut
272 1552 302 1603 et
319 1545 442 1604 Patulcii
460 1546 688 1625 appellationem,
708 1545 765 1605 On.
785 1549 853 1621 129,
872 1546 998 1605 Macrob.
1018 1553 1071 1605 sat.
1092 1548 1165 1631 1,e‚

11 1637 13 1642 ⁴
58 1639 195 1698 coaluisse
214 1639 347 1715 inlunem
366 1641 507 1698 notionem
530 1648 643 1716 oportet
665 1649 695 1698 et
719 1649 815 1699 natum
838 1640 917 1699 illum
940 1638 1021 1705 deum
1039 1638 1165 1717 darunt,

58 1750 144 1810 quem
163 1731 232 1790 Salii
251 1732 426 1806 cecinerunt,
454 1733 541 1790 Maur.
562 1732 580 1789 Ι.
601 1730 660 1793 ind.
699 1732 774 1792 Naro
801 1733 877 1813 quod
901 1733 966 1793 hinc
984 1739 1014 1792 et
1031 1732 1096 1791 hinc
1113 1732 1167 1807 ini-,-

58 1829 131 1886 tium
149 1826 291 1904 finemque
307 1826 414 1883 nullum
434 1825 529 1901 habet,
548 1824 703 1904 quodcum
722 1827 871 1904 clauditur,
891 1826 965 1886 idem
984 1826 1118 1904 aperitur,
1136 1823 1167 1909 id

60 1929 233 2000 perpetuum
254 1926 297 1976 est
315 1926 344 1976 et
362 1918 514 1978 infinitum:
542 1920 658 1979 deorum
684 1939 751 1981 uero
770 1922 860 2000 prima
879 1921 967 1983 uirtus
986 1928 1029 1981 est
1046 1918 1167 1981 infinitos

59 2032 133 2075 eree.
172 2000 250 2071 Nilril
268 2012 391 2069 tribuere
409 2014 487 2072 soleo
505 2013 762 2092 philosophematis‚
780 2015 833 2073 nisi
851 2015 898 2072 ubi
917 2015 1058 2092 ipsaeres
1076 2011 1168 2093 philo·
1196 2020 1198 2027 ’
1232 2074 1256 2098 .-

59 2106 225 2184 sophantnr.
264 2104 324 2165 Sed
342 2104 424 2185 ¹quod
447 2106 519 2180 dixi,
545 2107 597 2164 nisi
622 2107 661 2164 ita
687 2106 801 2184 suerit,.
816 2105 986 2165 credendum
1008 2115 1050 2165 est
1069 2105 1168 2164 lanum

59 2201 243 2259 Etruscorum
264 2218 327 2257 cnm
347 2199 475 2258 Romano
495 2201 584 2257 minus
611 2201 744 2258 tenaciter
763 2201 913 2259 conflatum
933 2216 1012 2273 esse,
1036 2214 1121 2275 quam
1134 2196 1169 2257 io

60 2292 116 2352 deo
135 2289 239 2350 selecto
259 2311 312 2371 par
330 2301 381 2351 est.
422 2295 504 2351 lanus
523 2292 704 2349 Etruscorum
726 2291 836 2373 habitus¹
855 2303 898 2351 est
917 2311 970 2370 pro
993 2291 1083 2365 caelo,
1100 2290 1177 2365 uida

58 2385 98 2444 fr.
112 2387 143 2459 t,
165 2386 281 2444 Faleriis
300 2388 388 2464 captis
407 2387 527 2443 Romam
547 2387 655 2443 uenisse
674 2384 851 2462 quadrifrons
871 2394 988 2463 propter
1006 2384 1077 2442 caeli
1102 2401 1170 2457 car-

58 2479 142 2536 dines
162 2477 279 2554 dicitur,
303 2480 387 2539 Seru.
408 2491 437 2538 et
455 2481 577 2556 interpp.
596 2478 662 2537 lllaii
681 2478 717 2536 ad
738 2479 809 2539 Aen.
830 2483 860 2555 7,
874 2482 942 2539 607.
981 2478 1015 2538 Si
1034 2477 1062 2536 id
1081 2475 1169 2539 tradi·

58 2582 123 2631 tum
150 2582 191 2631 est
215 2573 251 2631 de
278 2571 419 2632 deditione
445 2591 518 2631 anon
538 2573 575 2633 V.
596 2572 630 2630 C.
651 2575 726 2645 361,
752 2574 815 2633 Ι.ἰιι.
835 2574 866 2647 5,
884 2577 941 2648 27,
968 2591 1025 2630 non
1051 2579 1093 2630 est
1112 2569 1169 2638 fide

58 2666 259 2744 dignissimum.
294 2666 468 2725 Crediderim
487 2666 590 2724 sarnam
610 2675 701 2724 ortam
720 2685 755 2725 ex
776 2667 865 2725 ueteri
883 2665 996 2724 nomine
1015 2662 1170 2747 dei„qu0,d

57 2758 145 2819 fuisse
163 2770 233 2838 puto
253 2758 313 2818 dissi
332 2764 424 2838 putris
437 2760 578 2835 Falacris,
598 2759 680 2818 Varr.
694 2759 731 2818 de
746 2761 764 2818 l.
778 2761 796 2819 l.
810 2761 904 2834 5,et;
924 2757 1016 2833 7,45=
1034 2759 1170 2842 Etrusco·

59 2872 123 2911 rum
148 2872 245 2911 uocem
271 2856 414 2927 existimo,
441 2854 489 2932 qui
513 2853 662 2928 solandum
685 2852 815 2911 dixerunt
839 2855 963 2928 caelum,
988 2851 1169 2912 Paullum.

59 2965 89 3024 p.
105 2950 217 3020 88,12.
257 2947 360 3006 Falerii
385 2956 478 3005 autem
504 2949 570 3006 urbs
596 2966 615 3007 u
633 2946 707 3020 solis
726 2948 785 3020 (ita
803 2948 888 3025 lege)
907 2947 981 3004 dicta
1000 2951 1061 3016 est,
1086 2942 1168 3010 Paul.

58 3059 88 3118 p.
100 3044 151 3114 91,
161 3043 191 3101 8.
228 3040 366 3109 lameam
386 3041 421 3100 de
441 3044 508 3100 lano
527 3042 688 3118 opinionem
707 3059 763 3097 nou
783 3049 893 3098 tanturn
909 3059 927 3098 a
941 3040 1068 3098 Varrone
1087 3033 1170 3116 fred

59 3143 89 3193 et
102 3137 140 3190 14
158 3141 243 3210 atque
264 3134 366 3194 Ouidio
387 3135 586 3209 u.125,139,
605 3133 655 3191 sed
674 3139 759 3191 etiam
778 3151 797 3190 a
815 3133 899 3209 uulgo
919 3129 1069 3208 antiquitus
1089 3146 1170 3203 usur·

57 3235 155 3305 petam
173 3244 234 3284 esse
259 3229 377 3306 primum
406 3229 505 3285 mirum
530 3245 586 3285 non
609 3225 701 3299 foret,
726 3243 790 3282 uam
815 3224 914 3282 infiniti
938 3224 1031 3298 imago
1050 3221 1170 3311 manime

58 3326 103 3377 est
121 3320 149 3376 in
169 3319 259 3395 caelo,
279 3320 381 3380 deinde
400 3338 539 3399 apparere
559 3318 669 3378 uidetur
687 3338 723 3377 ex
741 3337 796 3392 eo,
816 3315 892 3394 quod
911 3316 941 3374 io
961 3315 1060 3394 quouis
1079 3315 1169 3385 sacri-

59 3411 124 3469 ficio
143 3411 225 3469 lanus
244 3412 431 3490 adorabatur,
452 3413 511 3474 Ou.
532 3433 560 3471 u.
573 3415 626 3470 171
644 3430 703 3490 sq.;
730 3409 759 3468 id
778 3409 927 3488 significari
944 3408 1072 3488 suspicor
1090 3425 1169 3493 more

60 3504 110 3563 illo
124 3505 216 3582 prisco
235 3505 265 3561 iu
286 3506 339 3564 deo
353 3507 496 3566 adorando
516 3525 546 3564 se
565 3503 741 3564 dextrorsum
755 3503 969 3582 circumagendi,
989 3502 1046 3561 Οιι.
1058 3504 1169 3584 3,781,

62 3615 120 3675 quo
139 3596 207 3655 nilril
225 3597 397 3677 frequentius
417 3600 494 3680 apud
509 3601 639 3659 Plautum
658 3607 688 3658 et
705 3598 785 3674 alios,
805 3599 869 3657 uide
885 3596 1009 3655 Brissoo.
1025 3594 1063 3652 de
1083 3593 1167 3663 form.

62 3709 94 3768 p.
104 3693 154 3765 36,
169 3693 208 3749 37
221 3689 266 3748 ed.
283 3694 374 3767 15923
394 3713 450 3772 qua
472 3712 503 3756 re
522 3694 591 3752 caeli
610 3691 735 3751 cardines
753 3692 959 3755 collustrantur.
1000 3687 1079 3746 Caeli
1099 3702 1167 3745 uero

58 3783 188 3861 regiones
207 3802 271 3841 curn
290 3795 384 3846 terrae
398 3790 482 3846 etiam
499 3787 598 3844 limites
615 3785 680 3859 siut,
699 3787 861 3862 praesertim
877 3781 1068 3859 enunciptina
1080 3779 1167 3865 Etru·
1214 3851 1216 3855 ,

59 3895 182 3952 scotum,
203 3878 319 3955 posthac
337 3882 541 3955 Romanorum,
560 3877 618 3937 uid.
639 3878 735 3936 Muell.
756 3878 867 3937 Etrusc.
886 3877 967 3936 lius
986 3891 1049 3952 cap.
1061 3875 1091 3949 6,
1109 3891 1167 3951 po-
1263 3889 1266 3894 ’

59 3971 116 4027 tuit
140 3980 215 4029 certe
234 3971 317 4029 lanus
342 3972 379 4030 ad
406 3975 620 4052 perpetuitatem
647 3980 741 4029 terrae
768 3971 886 4046 reterri,
908 3970 986 4028 cuius
1012 3967 1166 4039 reitenuiu

58 4074 123 4123 sunt
140 4064 256 4141 uestigia
274 4064 350 4142 apud
365 4065 491 4124 Macrob.
507 4063 598 4124 1.ind.
615 4083 678 4122 cum
696 4070 785 4124 tantm
799 4067 911 4124 sturno
929 4062 1041 4137 dicitur,
1061 4068 1090 4127 et
1106 4054 1164 4151 Oq·
1194 4131 1198 4139 ,

63 4162 181 4217 u.122=
208 4165 357 4236 perpetum
371 4160 450 4230 uiua,
475 4157 637 4237 quibuscum
654 4157 783 4236 conseres
800 4157 993 4310 praepezuiur
1010 4152 1116 4223 Tibulli
1134 4157 1169 4229 1,
1230 4224 1240 4239 μ
