2550 4574
137 246 161 292 x
371 307 372 310 ρ
528 244 608 293 nvos
630 243 835 295 cousvnsans

135 397 220 458 uisus
239 394 301 458 earu
320 396 357 460 ob
373 412 503 472 oausam,
520 394 596 476 quod
614 395 731 475 posthae
747 405 865 477 psopter
882 397 1001 476 reliquas
1018 397 1084 456 Diui
1102 395 1233 461 Caesarb

135 490 265 553 uicissim
279 489 365 548 feriae
378 489 488 569 quidem
501 490 626 569 agendae
637 501 740 566 esseut,
753 491 811 550 ludi
825 510 891 551 uero
905 490 940 549 ad
954 509 1049 554 eoturn
1064 493 1233 570 exemplum,

135 601 207 662 quos
221 582 360 643 Parilibus
377 594 495 663 propter
512 583 722 663 Hispaniensem
749 586 890 643 uictoriam
909 585 976 647 olim¹
1000 586 1157 659 institutos,
1182 584 1234 645 sed

135 685 204 736 tune
220 678 338 755 primum
357 679 499 758 neglectos
514 677 568 736 Dio
587 685 713 747 testatur,
732 679 932 738 omitterentur.
960 677 1034 736 Nam
1053 695 1089 735 ex
1106 694 1142 734 eo
1160 677 1234 754 ipsu,

82 836 87 845 Ι
135 768 212 850 quod
230 769 284 827 Dio
304 770 389 845 45,7
408 773 455 849 qui
474 770 533 828 bodi
550 780 653 844 essem,
672 763 847 848 ἱερομηνίας
866 766 1029 849 ἔπρνικίονς
1046 769 1125 844 dixit,
1145 789 1235 848 argu-

133 872 258 922 mentum
277 861 420 938 duxerim‚
443 863 509 921 dum
530 865 634 923 Caesar
652 865 738 939 uiuit,
764 866 885 943 reliquas
903 881 1015 943 quoque
1034 864 1092 921 eius
1109 864 1234 940 singulas

134 957 283 1031 melodas,
302 957 401 1034 quibus
419 957 447 1015 in
466 957 663 1035 posterioribus
681 956 760 1016 fastis
777 957 865 1017 leriae
882 967 1031 1031 notantur,
1050 965 1169 1034 propter
1185 956 1232 1034 lsr·

135 1051 198 1112 bam
214 1050 366 1123 deuictum,
384 1049 575 1109 Alexandriam
591 1059 699 1128 captam
718 1051 842 1129 aliasque
860 1069 904 1109 res
922 1060 1025 1127 gestas,
1045 1049 1116 1108 ludis
1130 1068 1233 1109 cousu-

133 1144 237 1201 laribus
255 1141 404 1200 honoratas
422 1141 516 1222 inisse,
543 1144 693 1203 Decretum
712 1145 857 1203 enimiuit
875 1137 1049 1220 ἱερομηνίαν
1069 1137 1233 1219 ἐξαίρετον,

134 1225 244 1304 ὅσιίκις
260 1225 300 1294 ds
318 1230 385 1312 νίκη
405 1253 452 1305 τις
471 1236 586 1317 συμβῇ,
606 1232 656 1295 καί
675 1234 791 1298 θυσίαν
811 1229 861 1296 ἐπ’
883 1230 963 1316 αὐτῇ
981 1232 1158 1314 γίγνεσθαι,
1176 1237 1232 1295 Dio

131 1329 242 1405 43,44.
268 1328 406 1387 luorebuit
424 1330 447 1388 is
466 1349 526 1388 mos
544 1332 595 1389 sub
616 1330 781 1391 Octauiano.
808 1337 887 1389 Auno
899 1331 958 1388 714
978 1319 998 1406 ἦ
1013 1319 1190 1406 πανήγυρις
1207 1317 1229 1404 ἧ

133 1417 182 1481 ἐπὶ
196 1421 242 1504 τῷ
256 1415 380 1502 πολέμῳ
394 1422 438 1504 τῷ
454 1416 533 1501 πρὸς
545 1417 617 1494 τοὺς
630 1419 768 1503 σφαγέας
783 1414 929 1497 εῧχθεῖσα
946 1413 1020 1481 insi
1040 1421 1111 1480 τῶν
1130 1412 1232 1480 ὑπά-

132 1533 208 1577 των
228 1507 373 1593 ἐποιήθη.
411 1516 507 1576 Ludos
527 1519 637 1578 uotiuos
661 1527 778 1598 propter
804 1516 922 1576 reditum
941 1515 1061 1593 Augusti
1079 1517 1137 1574 746
1155 1533 1232 1574 auno

91 1652 93 1659 ·
132 1611 259 1689 sequenti
275 1608 403 1668 suerunt
420 1610 485 1669 Piso
503 1613 599 1670 consul
618 1623 646 1671 et
665 1613 748 1671 Caius
766 1613 871 1670 Caesar
894 1598 957 1669 loeo
976 1610 1082 1669 Tiberii
1101 1608 1232 1684 oonsulis,

132 1701 187 1763 Dio
207 1701 257 1778 ab,
272 1705 302 1762 8.
350 1701 438 1774 Esto,
456 1703 507 1762 bos
526 1705 612 1763 semel
629 1715 737 1766 tantum
756 1705 873 1763 sortasse
890 1702 981 1762 editos
998 1721 1077 1779 esse,
1101 1703 1233 1780 exemplo

40 1838 44 1846 -
132 1813 194 1861 esse
211 1803 345 1875 possunt,
371 1815 408 1855 ne
426 1795 500 1867 ludi,
519 1798 713 1875 Augustalibus
731 1797 779 1875 qui
797 1797 857 1854 fieri
876 1797 999 1874 coepisse
1018 1797 1147 1856 uidentur
1164 1795 1233 1854 inde

132 1890 168 1949 ab
187 1909 261 1948 anuo
278 1891 348 1965 734,
366 1888 421 1947 Dio
437 1889 485 1964 54,
502 1891 551 1966 34,
569 1899 687 1969 propter
704 1891 786 1950 alium
806 1890 923 1949 reditum
942 1890 1068 1968 Augusti,
1087 1898 1153 1949 unte
1171 1890 1233 1948 eius

131 1991 249 2041 mortem
268 1983 304 2041 ab
323 1983 402 2058 aliis,
429 2001 513 2061 quam
529 1984 704 2061 oonsulibus,
723 1983 812 2042 faetus
832 1994 922 2062 putes.
960 1983 1029 2043 Post
1047 1983 1106 2042 eius
1124 1982 1232 2041 obitum

131 2073 244 2136 bononis
262 2094 346 2136 eausa
364 2077 486 2155 praetori
505 2077 611 2136 urbano
628 2077 751 2136 mandati
768 2087 844 2151 sunt,
863 2077 934 2134 Tau.
953 2096 1019 2135 ann.
1040 2076 1130 2150 1‚15.
1170 2075 1231 2135 Ve-

131 2188 195 2233 rum
212 2170 271 2230 iudi
288 2170 404 2230 natalitii
422 2170 536 2246 Augusti
560 2188 671 2249 semper
689 2189 708 2228 a
727 2170 884 2228 oonsulibus
902 2171 1025 2244 fiebant,
1052 2168 1153 2227 diserte
1171 2178 1231 2227 tra·

131 2263 216 2323 dente
233 2263 324 2322 Dione
343 2265 392 2335 66,
411 2265 465 2322 Ab:
494 2258 545 2322 sul
571 2256 611 2322 sd
636 2259 756 2341 ηενίσια
781 2255 818 2320 oi
841 2255 986 2322 ὕπατοι
1007 2257 1045 2332 -ἒξ
1069 2255 1138 2321 ἴσον
1164 2263 1233 2332 τοῖς

129 2348 269 2432 Ἀρείοις
287 2347 523 2433 amoenum,
548 2359 595 2416 ubi
613 2357 748 2417 falluntur
765 2358 929 2436 interpretes
948 2357 985 2416 de
998 2347 1139 2433 Ἀρείοις
1157 2356 1231 2432 illis3

132 2459 197 2509 suut
215 2451 286 2508 euim
305 2450 363 2508 ludi
380 2468 529 2528 perennes,
549 2454 597 2530 qui
615 2451 738 2510 iniustis
760 2459 899 2524 notantur,
917 2446 1015 2508 Martis
1029 2451 1231 2525 Vltoria'item

132 2544 309 2619 consulares,
338 2560 402 2600 nam
426 2543 481 2601 Diu
509 2543 559 2617 bb,
578 2548 616 2600 10
634 2546 689 2603 ita:
718 2544 763 2624 τῷ
787 2561 820 2602 τε
837 2536 970 2620 Λονκίῳ
997 2539 1047 2601 καὶ
1072 2542 1115 2623 τῷ
1142 2541 1172 2601 Γ
1169 2541 1231 2623 ullos

131 2625 233 2696 πάντα
251 2627 401 2706 καθάπαξ
421 2630 611 2695 τὰτοιαῦτα
636 2633 805 2716 ἐπιτρίψας
828 2626 997 2718 ὑπατικῇ
1022 2633 1099 2696 τινί
1125 2631 1231 2719 ἀρχῇ

131 2722 212 2792 κατὰ
231 2722 266 2787 sd
286 2723 418 2788 παλαιὸν
434 2725 618 2808 χριομένοις,
639 2732 686 2790 ubi
704 2731 769 2789 item
788 2740 900 2808 praeter
919 2749 977 2788 rem
995 2732 1086 2789 neseio
1105 2731 1173 2808 quid
1192 2732 1232 2791 de

129 2823 281 2902 pontificali
299 2832 328 2882 et
347 2825 472 2902 augurali
491 2827 633 2905 utriusque
651 2825 784 2903 dignitate
800 2833 922 2884 monent.
952 2824 1088 2883 Consules
1101 2825 1232 2903 Caligula

129 2916 363 2995 reprehendebat,
381 2916 457 2996 qoud
474 2919 617 2978 uictoriam
631 2920 746 2996 Augusti
761 2918 799 2977 (le
811 2917 929 2975 Antonio
948 2935 983 2974 ex
995 2936 1073 2976 more
1090 2918 1232 2979 salebras·

128 3021 208 3088 sent‚
232 3011 287 3072 Dia
304 3013 356 3088 bs,
373 3015 423 3071 20.
460 3011 588 3092 Denique
611 3013 773 3072 idumeum
800 3019 894 3069 namat
920 3029 993 3069 auno
1011 3013 1085 3086 799,
1104 3015 1154 3087 60,
1175 3016 1234 3073 ars

124 3095 311 3177 Ἀσιατικὸς
329 3101 364 3164 δὲ
385 3096 553 3184 ἀπεδείχθη
577 3099 635 3182 μὲν
661 3095 704 3175 ὥς
727 3099 779 3164 καί
805 3095 848 3162 δι’
870 3094 958 3172 ἕσσας
981 3093 1232 3184 instalatus,

127 3191 167 3256 σί
185 3193 289 3274 μέντοι
307 3196 358 3260 καὶ
375 3195 499 3277 ’ἐποίησε
518 3198 619 3274 τοῦτο,
640 3191 711 3257 ἀλλ’
728 3192 828 3276 ἀφῆκε
844 3189 900 3274 τὴν
921 3189 1019 3273 ἀρχὴν
1037 3189 1232 3278 ἐθελούσιος,

61 3362 63 3368 .
129 3282 149 3352 d
164 3287 215 3352 καὶ
236 3285 335 3370 ἕτεροί
347 3311 431 3363 ’τινες
448 3286 592 3373 ίπραξαν.
611 3284 682 3351 ἀλλ’
698 3287 806 3350 ίκεῒνοι
823 3286 880 3366 μέν
897 3279 958 3349 siud
974 3286 1090 3367 πενίας,
1109 3285 1150 3352 τὰ
1168 3287 1228 3374 γὰρ
1257 3304 1271 3334 ³⁴

125 3376 321 3462 δναλοίματα
346 3380 385 3445 τὰ
405 3384 438 3446 ἐν
465 3391 553 3458 ταῖς
577 3379 864 3462 ἱπποδρομίαις
886 3374 1047 3462 γιγνόμενα
1073 3381 1121 3444 aa
1148 3381 1227 3447 asold
1253 3373 1271 3434 Ῑ

129 3471 308 3557 ίκεχωρῆκει
325 3510 383 3555 -‚
402 3498 534 3559 quorsum
553 3481 672 3539 suaserit
689 3478 757 3538 illud
776 3477 904 3537 ludorum
925 3479 1109 3540 numularium
1128 3499 1226 3557 genus,
1254 3468 1271 3534 b

128 3574 195 3633 olim
213 3574 398 3652 incognitum,
426 3575 557 3634 ostendit.
595 3573 726 3649 intelligis
744 3572 797 3633 bue
815 3590 901 3650 genus
918 3572 980 3650 ipsa
998 3573 1138 3648 nouitate,
1162 3593 1225 3633 uam
1252 3588 1271 3647 ἱιι

128 3657 188 3727 iudi
207 3668 339 3726 uictoriae
356 3667 488 3727 Sullanae
507 3685 619 3745 quoque
645 3684 700 3726 non
726 3665 797 3724 adeo
823 3673 931 3726 ueteres
949 3674 1045 3739 erant,
1070 3674 1130 3724 turn
1150 3665 1225 3744 quod
1252 3672 1261 3721 l

127 3778 147 3818 a
165 3760 229 3818 solis
248 3761 404 3820 oonsulibus
432 3761 649 3840 procurabatur,
676 3761 711 3818 ab
736 3759 855 3836 antiquis
879 3760 932 3818 illis
956 3756 1027 3817 ludis
1047 3758 1082 3816 ad
1102 3759 1225 3820 diuersos
1259 3765 1261 3769 ’

127 3856 303 3931 magistratus
322 3854 520 3932 pertinentibus
538 3854 667 3928 differre,
690 3862 836 3925 *caeterum
862 3853 1022 3914 oelebritate
1047 3863 1076 3910 et
1094 3852 1225 3928 dignitate

127 3963 219 4024 paene
236 3936 564 4027 aequiparare'eosdem.
602 3948 660 4005 lam
686 3965 755 4005 uero
779 3965 835 4024 quo
860 3957 985 4024 tempore
1003 3946 1058 4003 boo
1078 3946 1224 4012 consulare

127 4056 214 4116 genus
232 4029 349 4103 maxime
367 4042 488 4120 uigebat,
507 4040 575 4099 illud
590 4058 701 4119 quoque
715 4040 849 4100 uetustius
863 4042 975 4100 remotis
989 4039 1122 4098 aedilibus
1141 4056 1224 4098 euru·

109 4132 189 4192 libus
201 4134 382 4219 plebes's‘sque
399 4135 467 4199 solis
483 4135 660 4220 praetoribus
678 4135 809 4198 summitti
825 4135 925 4216 eoepit.
955 4132 1041 4209 Quod
1060 4133 1140 4192 elaris
1161 4149 1224 4194 uer·
