2550 4574
481 294 527 343 Db
547 293 688 345 181th
707 295 818 345 nectua
1098 304 1203 353 cxm

94 447 190 507 fuitne
206 454 360 525 unumque
377 442 534 506 aedilicium
553 446 584 505 in
603 464 703 527 rampo
722 448 825 509 Martio
843 456 979 526 extrem,
998 470 1082 530 quem
1097 453 1127 515 in
1142 475 1204 519 mn·

93 540 169 601 dum
191 540 286 599 uillam
304 539 430 617 designat
448 539 540 599 Varro
559 540 622 599 loco
640 541 780 619 indioeto,
807 549 839 603 ul
856 559 893 603 eo
910 562 1023 623 quoque
1040 549 1149 610 nomina
1164 551 1204 613 nl·

97 636 160 695 ml
179 635 274 693 notari
296 632 444 693 mdeanlur
467 632 543 712 apud
559 632 683 694 Liuium.
721 634 830 695 Rureun
849 654 917 696 uero
936 637 1013 717 quod
1031 642 1204 718 exploratum

101 736 157 803 κ,
174 727 287 787 Atrium
303 728 332 785 in
350 723 413 787 loon
430 726 540 786 editiori
557 727 722 787 collocatum
740 727 802 787 fuit.
836 729 895 789 lam
914 750 982 790 uero
1001 732 1074 791 inter
1091 733 1205 797 Bellorii

99 821 264 901 Capitolina
279 818 435 897 fragmenta
460 820 519 880 tab.
534 837 572 879 vn
591 839 676 879 uuum
695 831 751 893 ent,
776 821 851 901 quod
870 824 1009 883 dimidiam
1029 835 1138 904 pentem
1155 829 1205 889 bn·

102 915 198 975 oleae
215 914 330 973 Mtte
347 932 410 975 erum
429 914 496 992 iptio
517 912 559 973 bia
577 914 690 973 utam:
716 914 857 992 BASIL,
880 916 918 975 ad
941 928 1028 997 eaput
1053 919 1113 979 eine
1135 938 1204 981 uero

104 1006 180 1069 rliod
192 1006 334 1088 quoddam
351 1007 507 1069 aedificium
519 1006 685 1086 quadratum
704 1025 766 1071 nom
784 1007 840 1069 boo
858 1010 952 1071 tituloz
970 1010 1205 1073 maantam

102 1100 272 1161 debentem
291 1099 421 1161 natendit.
461 1099 581 1178 Appingi
605 1101 749 1159 oonaoeoit
774 1100 839 1161 buin
855 1105 1000 1163 marmorio
1017 1105 1107 1165 frunto
1128 1104 1205 1167 aliud

105 1194 249 1267 hulam,
266 1196 296 1254 iu
311 1214 368 1275 quo
380 1194 564 1275 pauentptum
582 1204 642 1255 oeta
662 1193 770 1253 EbllLl
790 1235 801 1270 ,
828 1215 887 1275 quo
905 1194 1011 1255 iactum
1029 1205 1085 1273 eet,
1103 1207 1136 1257 nt
1153 1199 1205 1259 ba·

106 1288 183 1348 affine
197 1288 247 1349 illa
257 1290 374 1349 Aelnilio
390 1282 589 1365 intelligeretur
601 1294 631 1346 et
644 1286 769 1365 proxime
780 1304 860 1363 earn,
878 1289 907 1349 in
925 1289 988 1349 foro
1002 1291 1130 1351 Romano
1147 1292 1204 1351 nni·

107 1381 187 1458 linet,
204 1382 252 1443 uel
269 1398 376 1461 prope,
395 1380 653 1460 adunationem,
672 1380 778 1439 Atrium
797 1379 962 1441 Libertatiee
988 1382 1026 1441 ita
1045 1385 1117 1442 enim
1136 1403 1204 1463 nup·

109 1474 236 1553 Mem
253 1493 316 1537 erue
334 1475 539 1553 inscriptionem
557 1474 699 1553 plerisque
715 1484 793 1533 recto
810 1485 925 1554 utputo
944 1476 1033 1551 ubum
1047 1486 1099 1537 ent.
1129 1477 1205 1538 Eone

105 1578 198 1629 mter
209 1570 332 1647 “romb
352 1570 431 1629 untia
448 1569 575 1627 oculatur
592 1567 753 1627 Lndooioue
766 1568 884 1644 Canna,
903 1568 951 1646 qni
969 1568 1124 1629 litterarum
1142 1588 1204 1630 mo·

111 1660 176 1721 duur
190 1663 218 1723 in
234 1664 328 1723 berbin
345 1663 455 1722 nasu,
472 1671 501 1721 et
518 1661 624 1721 EbllLl
643 1660 800 1737 diuersum,
825 1663 854 1720 iu
873 1661 927 1721 alio
947 1679 1015 1720 uero
1033 1660 1123 1721 fmato
1142 1664 1201 1723 tab.

109 1774 170 1815 m
185 1756 311 1815 horam
329 1757 491 1831 marmoris,
510 1754 664 1813 bttornrum
682 1754 918 1833 magnitudinem,
943 1755 1134 1815 columnarum
1153 1775 1204 1815 or·

107 1848 193 1923 dno,
211 1849 305 1909 omnia
316 1849 451 1909 eimmodi
469 1847 642 1927 deprehendi
660 1848 789 1920 affirmet,
807 1848 845 1908 de
858 1849 921 1908 loro
938 1865 967 1927 p.
977 1850 1017 1906 90
1029 1867 1072 1927 eq.
1092 1849 1149 1909 140
1159 1869 1203 1933 tq.

108 1944 178 2018 tta,
202 1950 235 2001 ut
251 1942 304 2003 nini
323 1943 463 2002 bominem
482 1941 565 2001 ualde
582 1942 740 2021 improbum
760 1951 860 2020 putare
880 1940 965 2016 uelb,
984 1941 1068 2020 piene
1085 1961 1205 2022 persua-

109 2033 195 2095 druria
213 2035 353 2115 depictam
370 2038 400 2096 in
418 2044 537 2114 utroque
555 2036 603 2094 illo
621 2035 779 2113 fragmento
798 2032 935 2095 basilicam
952 2035 1064 2115 leiam
1083 2056 1135 2094 non
1152 2037 1205 2097 ba·

111 2129 182 2191 bote.
223 2130 274 2189 Vir
291 2131 331 2190 ill.
350 2129 463 2189 Ruuneu
482 2127 558 2187 nullo
577 2129 676 2203 uerbo,
695 2147 732 2188 ne
750 2124 930 2187 urbeuineimo
951 2128 1075 2206 quidem,
1092 2127 1206 2189 finxirte

107 2214 249 2302 qdoqum
269 2223 404 2282 Caninam
422 2220 562 2281 indioeuit.
599 2220 755 2281 Permirum
774 2230 866 2281 autem
886 2230 977 2296 ornet,
1001 2223 1026 2281 ni
1050 2223 1204 2299 ignorauit

108 2334 149 2392 en,
166 2335 241 2397 quae
259 2316 296 2376 de
315 2315 449 2375 natariaoie
463 2315 597 2394 apponitis
613 2315 679 2373 mibi
696 2316 876 2373 innotuerunt
891 2332 943 2392 per
954 2314 1135 2391 Bumenium,
1153 2314 1202 2393 qni

107 2428 272 2489 quamquam
289 2409 319 2469 in
337 2407 433 2467 tabula
456 2426 507 2466 oua
533 2407 562 2466 id
587 2408 695 2485 rignum
721 2404 851 2466 basilicae
869 2408 1015 2486 apposuit,
1042 2405 1204 2466 Gerbardun
1256 2462 1259 2469 ,

108 2511 194 2564 umen
213 2505 242 2562 iu
261 2503 354 2562 fronte
371 2502 456 2562 libelli
476 2501 550 2562 della
569 2502 628 2561 bas.
649 2501 726 2560 Giul.
738 2500 794 2562 Ro.
809 2505 884 2561 1823
904 2503 944 2561 ita
961 2501 1110 2561 delineauit
1126 2499 1204 2577 frag-

108 2607 237 2673 mentum,
257 2606 289 2656 ut
306 2614 372 2676 pare
391 2604 500 2655 tantum
515 2596 574 2655 eiua
588 2596 705 2674 periisse
722 2604 752 2653 et
769 2595 866 2655 refiota
880 2612 941 2653 eene
956 2593 1093 2653 uideatur.
1122 2589 1205 2670 Apud

107 2690 254 2751 bdlorium
272 2690 317 2749 ed.
338 2691 424 2749 Rom.
445 2692 519 2748 167³
539 2690 692 2750 btterarum
709 2682 816 2746 nobum
835 2697 878 2747 eat
896 2687 1051 2746 discrimen.
1067 2716 1107 2731 --
1132 2684 1205 2743 Cum

106 2802 169 2861 ergo
183 2784 296 2842 taenea
308 2783 396 2861 leia
409 2784 457 2841 ubi
476 2783 573 2860 luerit,
593 2792 712 2857 oonntet,
731 2780 788 2841 uid.
802 2781 937 2841 Caniuam
950 2800 981 2860 p.
987 2784 1060 2855 140,
1078 2778 1203 2836 Plataea.

103 2875 191 2938 duc.
209 2878 280 2937 Vrb.
299 2882 329 2953 3,
345 2884 374 2953 1,
393 2896 423 2955 p.
434 2880 492 2935 286
498 2918 508 2948 ,
533 2877 657 2937 Bonnen.
682 2875 873 2936 annal-1837
897 2893 928 2953 p.
941 2876 997 2948 42,
1022 2889 1135 2933 nonme
1161 2878 1205 2929 ent

103 2972 209 3030 Atrium
231 2970 382 3030 Libertatis
405 2970 491 3029 suerit
514 2970 543 3029 iu
569 2974 693 3031 exbema
718 2976 799 3048 parte
824 2969 925 3028 montio
950 2966 1119 3041 Quirinalia,
1147 2980 1204 3042 qua

101 3080 232 3143 eampum
249 3064 381 3124 Morbum
404 3072 524 3142 npoetat.
560 3065 631 3124 Sine
648 3074 742 3123 autam
768 3081 853 3142 supra
879 3061 1019 3120 basilicam
1037 3060 1121 3118 situm
1137 3057 1205 3117 lue-

101 3158 157 3232 rit,
182 3157 414 3236 quemadmodum
433 3157 558 3216 Booten.
577 3159 607 3216 in
626 3157 719 3236 lapide
738 3156 896 3234 Capitolino
922 3171 1019 3211 uooam
1043 3149 1117 3211 illam
1137 3149 1204 3209 reli-

100 3268 187 3327 quam
206 3251 416 3330 intorpretatur,
434 3252 495 3310 siue
508 3252 644 3309 Caninam
662 3251 799 3328 aequoria,
818 3251 866 3326 qui
882 3249 937 3305 ita:
956 3249 983 3305 ni
999 3243 1125 3325 pabebit
1143 3261 1204 3302 oro-

98 3342 182 3412 aaa,
200 3343 249 3402 obe
264 3345 431 3405 trorrnndori
447 3345 470 3402 il
489 3344 562 3404 detto
580 3347 655 3404 atrio
673 3342 718 3401 nel
737 3341 827 3416 bono,
847 3359 898 3400 oue
919 3342 1044 3401 dimano
1060 3336 1157 3399 nobb
1174 3335 1204 3393 di

99 3433 231 3508 adificare
247 3437 271 3496 il
287 3456 339 3498 noo
357 3439 422 3513 foto
440 3470 495 3514 -,
522 3440 645 3516 operae
666 3437 694 3497 lo
719 3442 807 3494 oweno
826 3438 901 3494 altio
923 3432 1203 3498 immundanum,

98 3531 735 3592 amalasunoaamnatamunma'a
758 3530 790 3587 in
812 3521 1204 3609 mpaadabaoabo·

98 3621 199 3695 ellim
224 3635 367 3704 utcunque
385 3625 540 3700 uidebitur,
559 3625 700 3703 proximus
718 3631 761 3682 eat
778 3622 802 3681 io
820 3623 897 3681 loom
916 3623 956 3680 illi
973 3620 1043 3680 turri
1062 3618 1130 3679 della
1147 3618 1204 3675 ari-

101 3713 170 3774 llaio
186 3715 339 3789 libatione,
358 3717 395 3777 de
413 3737 469 3796 qua
483 3735 556 3796 quae
574 3717 722 3775 traduntur
740 3716 815 3794 apud
832 3714 1020 3775 Nardiuum2
1038 3732 1067 3791 p.
1078 3717 1115 3772 71
1137 3725 1204 3767 uera

98 3807 205 3868 indicat
230 3819 259 3869 et
282 3812 469 3870 memorabilia
493 3813 554 3888 ipse
578 3810 701 3867 Bnnaen.
728 3808 749 3866 l.
768 3808 826 3867 ind.
846 3828 876 3886 p.
888 3810 936 3866 40.
975 3805 1060 3876 Quod
1086 3805 1110 3862 ai
1134 3802 1205 3861 baon

99 3899 356 3975 fidemmereutur,
375 3906 502 3983 apprime
521 3902 692 3962 conueniunt
710 3920 774 3960 otum
792 3902 886 3961 uerbis
904 3901 998 3958 Taciti
1015 3899 1080 3956 bist.
1102 3904 1131 3971 1,
1150 3901 1203 3953 31:

100 3997 283 4074 hminem
293 3998 407 4057 Mulio
420 4000 522 4056 samo
538 4005 566 4055 rt
577 3998 701 4055 aaran
712 3993 819 4055 Sabino
834 3991 1063 4072 nutriminibus,
1082 3996 1115 4047 ol
1132 3991 1205 4047 Ger·

99 4092 226 4149 manbre
250 4090 353 4150 militm
373 4110 388 4149 e
407 4089 560 4150 Iribmotia
577 4090 661 4148 Attio
687 4093 864 4147 oooeroernrt.
909 4084 992 4145 Vade
1015 4085 1039 4142 ei
1062 4083 1082 4142 ii
1106 4081 1204 4141 militas

96 4181 215 4262 longum
233 4193 264 4244 et
282 4185 396 4245 deuiam
414 4185 467 4244 iter
485 4182 653 4259 babuerunt,
672 4182 714 4241 uti
731 4180 799 4239 dirit
816 4177 998 4332 Soetissalb.
1017 4178 1065 4246 20,
1084 4173 1135 4235 uix
1151 4171 1205 4231 nti·

930 4276 953 4330 2
