2550 4574
454 261 600 313 erectas
617 218 774 313 ruoxrrrn¹
840 219 842 224 ’
1035 265 1159 319 cosm
1231 222 1234 227 ⁴

57 431 120 498 que
138 421 246 475 tamum
264 411 433 489 babeamus,
458 430 526 475 num
544 427 661 496 propter
678 417 812 496 temporb
828 415 1004 494 exiguitatem
1022 415 1074 477 bns
1092 427 1157 479 tsn-

56 522 125 573 tum
143 506 383 587 mgnasccnder
405 508 553 586 sumpserit
578 520 608 566 ct
631 509 750 570 sortame
771 510 918 570 biennum
936 510 1091 571 alterumue
1106 530 1158 573 ex-

60 620 177 665 cursum
190 621 227 661 ex
237 619 285 661 ser
304 601 512 680 posterioribus,
529 598 566 659 ad
584 621 655 680 quos
673 604 814 680 ablegauit
830 605 962 663 lectorem
976 608 1006 678 ³,
1018 607 1074 681 573
1087 611 1156 677 199,

60 698 95 774 6,
106 700 176 772 147,
194 695 401 774 interposuerit,
420 696 498 753 cuius
516 696 677 773 suspicionis
696 696 772 755 leues
786 694 921 774 quasdam
935 714 1033 756 musas
1052 699 1157 777 poteris

61 790 190 852 interim
207 790 237 847 in
254 789 302 864 iis,
322 805 396 865 quae
413 804 500 866 supra
520 807 550 864 p.
561 803 656 847 xnrrr
679 798 708 849 et
727 807 815 847 rxm
834 788 974 866 deputata
993 798 1074 864 sunt,
1099 808 1157 851 non

60 885 155 945 habeo
171 882 280 943 diceres
297 899 408 940 uenum
427 884 458 954 6,
470 884 542 939 7922
563 883 697 959 coeptis
714 880 808 940 oilie
824 899 953 941 summo
971 885 1040 943 anob
1056 874 1103 942 nix¹
1120 902 1158 943 en

61 977 226 1050 retulerim,
244 975 310 1053 quia
328 992 401 1053 qnae
417 984 572 1051 sequuntur
591 975 716 1051 proxime
734 972 770 1033 de
787 974 910 1033 Marciae
927 974 1019 1034 forma
1037 986 1067 1035 et
1084 976 1158 1037 sacia

62 1091 96 1131 u.
108 1073 179 1145 798,
192 1069 261 1141 teu,
272 1071 331 1127 800
350 1086 407 1127 nen
426 1067 555 1125 uidentur
579 1067 728 1126 conuenire
752 1066 781 1124 in
799 1067 879 1125 Fabii
896 1067 1008 1128 Maximi
1032 1069 1157 1147 uiduam,

63 1167 218 1229 Taaeun.
233 1161 306 1236 1‚e‚
324 1159 520 1237 debebantquc
534 1177 608 1219 anno
623 1163 681 1219 770
700 1160 842 1220 renouari
859 1171 925 1219 anm
943 1163 1044 1220 omnia.
1074 1162 1157 1234 illud,

63 1256 142 1337 qnod
159 1270 307 1335 pum·
326 1253 363 1312 de
381 1255 473 1312 aliena
484 1267 576 1311 'mann
594 1253 622 1312 iu
638 1252 735 1313 Ouidii
752 1255 872 1332 reliquiis
890 1265 1015 1331 grassata
1032 1257 1157 1335 suspice·

63 1359 110 1410 tus
128 1368 201 1424 snm,
219 1349 243 1407 si
261 1348 324 1428 quia
341 1348 371 1408 iu
389 1348 481 1428 ipsum
494 1356 606 1428 poetam
625 1345 802 1408 festinantem
815 1347 942 1410 consenc
954 1349 1083 1424 uoluent,
1100 1346 1158 1407 buo

62 1442 224 1522 pemeus

506 1598 662 1711 'aa

141 1730 276 1793 Proximis
294 1740 358 1792 octo
376 1730 493 1791 caecuba
516 1747 535 1788 a
559 1739 649 1790 morte
673 1740 774 1811 poetas
791 1751 865 1812 qnae
880 1731 968 1791 fuant
992 1729 1074 1789 buius
1092 1748 1159 1791 cnr·

63 1827 153 1888 minis
164 1825 288 1902 senuna,
307 1845 363 1886 non
378 1820 487 1884 mactat
499 1825 615 1903 optimc,
633 1837 662 1883 et
676 1835 769 1885 tamen
783 1828 854 1885 scitu
867 1825 1055 1903 dignissimum
1068 1823 1160 1902 loreta
1228 1824 1232 1833 “

64 1938 160 1999 neque
176 1919 260 1978 facile
278 1919 336 1979 ulla
354 1938 399 1977 res
417 1919 503 1996 magis
521 1920 687 1996 optimorum
706 1921 947 1997 grammaticorum
966 1936 1060 1976 curam
1079 1917 1160 1977 elfle-

65 2014 177 2092 gitnbit,
195 2031 281 2091 quum
299 2009 449 2090 aliquando
465 2011 595 2088 quicquid
609 2012 859 2072 semibarbarumm
874 2013 1043 2072 uoluminum
1057 2011 1159 2069 auxilio

64 2115 169 2186 petest,
186 2107 363 2185 profligatum
381 2113 411 2162 et
429 2114 617 2182 expugnatum
631 2105 695 2180 erit,
713 2105 767 2163 bac
783 2107 950 2183 cognitione,
970 2102 1110 2182 quomodo
1127 2103 1158 2161 in

64 2199 210 2260 maneb
228 2201 371 2260 ueteribus
385 2198 504 2276 scriptis,
524 2198 641 2256 maxima
658 2199 757 2274 poetis,
775 2210 885 2256 ueteres
903 2198 941 2256 illi
955 2198 1058 2255 Valerii
1072 2195 1159 2255 Probi

65 2312 100 2353 ac
115 2293 228 2352 Domitii
247 2302 335 2350 artem
353 2301 476 2350 normam
494 2288 691 2348 iactitauerint.
722 2290 859 2349 Pendebit
876 2308 911 2349 ea
929 2290 1054 2368 quaestio
1071 2290 1159 2367 inpri-
1268 2360 1271 2371 Ι

64 2387 119 2445 m‘u
142 2404 178 2444 ax
200 2387 263 2463 ipsa
286 2386 418 2443 librorum
441 2383 624 2460 scriptorum,
649 2384 698 2461 qui
722 2395 887 2463 supersunt,
914 2383 1159 2462 peruestigatiene,

64 2497 130 2538 cum
144 2479 310 2557 exploratur
328 2477 395 2556 qnid
417 2477 590 2554 sequioribus
601 2479 784 2554 temporibus
802 2480 934 2537 committi
954 2477 1085 2536 auderiue
1104 2495 1158 2554 po·

64 2573 163 2648 tuerit,
181 2580 231 2630 aut
248 2590 305 2630 nou
321 2571 459 2650 potuerits
480 2579 564 2649 atque
578 2588 614 2629 eo
627 2570 738 2629 nomine
752 2570 856 2650 aliquid
870 2572 962 2650 opella
978 2579 1074 2629 nostra
1091 2588 1159 2648 pro·

63 2663 172 2724 fectum
190 2682 253 2726 essa
269 2664 360 2737 inira,
385 2663 437 2722 nisi
453 2661 554 2739 fallor,
579 2663 725 2742 intelliges.
763 2663 823 2724 Sed
841 2684 911 2743 opus
930 2672 990 2739 est,
1008 2673 1160 2741 antequam

64 2756 179 2818 dsmrui
197 2759 345 2836 quicum
363 2757 468 2835 possit,
494 2757 576 2815 simili
594 2757 691 2816 labore
709 2757 739 2816 in
757 2756 882 2836 pluribus
905 2755 1028 2815 eiusdem
1049 2756 1159 2833 generis

64 2868 102 2910 ac
117 2852 200 2909 artis
217 2851 327 2928 scriptis
343 2850 491 2911 collocato.
522 2850 620 2928 ltaque
630 2849 710 2909 undis
724 2852 889 2929 scriptorum
905 2848 1067 2908 memoriis
1086 2847 1160 2907 bane

66 2945 86 3017 ς
107 2942 213 3017 multo,
234 2962 318 3021 quam
338 2944 508 3021 optauerim,
532 2945 687 3003 breuiorem
706 2952 736 3002 et
751 2942 872 3003 leuasse
889 2945 1061 3022 aliquanto,
1073 2959 1160 3019 quem

64 3037 202 3115 potebat
219 3055 292 3113 esse,
310 3038 362 3095 nisi
378 3034 499 3093 fructum
513 3036 592 3094 citius
605 3035 834 3114 despemissem,
853 3039 991 3096 exiliorem
1010 3036 1158 3094 instruamr

64 3129 228 3187 amittamur
245 3147 318 3206 quac
339 3130 368 3188 in
386 3130 564 3189 annotatione
582 3129 675 3188 uerbis
697 3130 824 3188 carrrn'nis
843 3131 965 3189 subiecta
989 3130 1100 3187 minoris
1117 3128 1160 3188 rei

65 3221 188 3281 iadiceta
205 3230 280 3281 snut.
816 3264 819 3271 -
1072 3270 1076 3279 .
1155 3244 1159 3251 ·

141 3314 349 3392 lascriptinnem
362 3317 489 3374 carminis
503 3324 630 3374 manunt
641 3313 795 3374 Priscianus
809 3323 831 3374 t.
845 3321 871 3387 1,
889 3334 919 3392 p.
931 3314 1064 3382 setlle:
1086 3316 1161 3376 eae

65 3405 131 3465 (list
147 3405 289 3479 furtorum
305 3412 447 3487 inscripsit
469 3408 582 3479 libres,¹
596 3411 741 3486 Agroetius
759 3428 789 3486 p.
800 3412 877 3467 2274
889 3409 941 3467 Ρη
965 3415 1085 3471 lutatio
1106 3409 1161 3470 deo

64 3501 146 3578 ipso,
164 3507 198 3559 ct
218 3503 318 3561 limaci
335 3503 442 3572 dictat,
461 3508 511 3561 cut
527 3509 640 3580 ponne,
658 3505 775 3561 Iunonia
791 3499 868 3576 silio,
887 3504 1121 3573 ncorileroulia,
1139 3521 1163 3562 o

64 3611 125 3669 qun
141 3596 255 3653 lusiam
273 3614 392 3654 memora
410 3596 627 3673 appellationis
646 3594 723 3653 libris
740 3593 881 3668 formatem
898 3596 1021 3673 egimus.
1060 3596 1161 3657 lisdem

64 3686 157 3746 modis
174 3686 334 3746 Lactantim
355 3694 537 3764 1,12et13.
576 3688 637 3746 Cir.
657 3686 714 3747 On.
731 3692 760 3762 t,
773 3691 819 3749 19.

141 3778 212 3842 Loci
230 3789 304 3856 sunt,
322 3783 369 3838 ubi
387 3782 539 3859 scripturae
558 3792 607 3839 aut
625 3782 762 3857 meliores,
781 3802 864 3861 quam
884 3783 1004 3862 quaein
1022 3782 1161 3842 codicibus

64 3880 143 3945 anub
162 3880 213 3930 aut
226 3875 417 3932 memorabiles
435 3887 598 3934 seruanturc
617 3876 665 3934 lib.
677 3877 754 3950 2,55
773 3876 849 3955 apud
860 3876 993 3935 Priscian.
1006 3883 1035 3952 l,
1054 3897 1084 3955 p.
1095 3881 1162 3948 18³,

10 4036 12 4043 Ι
65 3982 96 4041 p.
106 3967 176 4038 396,
196 3985 314 4042 querum
338 3969 461 4025 locorum
485 3971 574 4028 altere
599 3989 705 4047 omnes,
719 3980 831 4048 practer
854 3988 939 4026 uuum
958 3969 1066 4027 Kreblii
1085 3971 1162 4027 cudi·

10 4046 12 4063 '
65 4075 131 4132 ces,
163 4059 251 4118 altero
277 4079 372 4118 omnes
396 4061 518 4120 babentz
551 4062 690 4137 Pbrygiae
716 4065 884 4120 contentius
907 4066 1059 4131 matria,
1085 4060 1162 4138 quod

65 4168 194 4210 meorum
213 4172 285 4210 nnus
302 4153 413 4212 infimae
431 4164 524 4213 uotaa
552 4155 614 4214 Lib.
627 4160 658 4232 2,
673 4174 702 4214 u.
714 4155 771 4213 597
791 4174 886 4214 ueram
901 4157 1065 4232 scripturam
1079 4172 1164 4232 prae·
