2550 4574
140 264 288 319 (Whmii
548 264 710 314 ΠΟΕΒΝΙ
730 264 835 316 ovum

141 438 205 481 rom
223 418 362 500 prioribus
380 425 446 481 orto
463 426 512 478 out
534 418 681 498 postremis
698 428 820 498 quatuor
841 417 999 479 mensibus:
1023 415 1144 496 deinde,
1170 436 1235 481 nn

140 512 258 575 undem
276 513 494 591 legem-secutus
510 511 596 572 inerit
612 514 795 589 Hieronymus
813 511 842 571 in
860 509 1018 570 adiiciendh
1037 513 1124 572 ossib
1142 514 1234 577 rud·

141 606 187 666 th.
220 606 262 665 lo.
274 604 420 665 Mouonus
439 606 610 685 potissimum
630 607 658 665 in
677 606 741 664 uitis
759 606 867 664 Horatii
883 614 913 665 et
931 602 1025 665 Ouidii
1043 606 1154 684 aliquot
1169 606 1245 675 inst,

140 698 282 759 contendit
299 717 387 758 annos
404 699 574 758 Eusebianos
596 700 657 757 siue
676 698 804 757 Abrahae
823 706 905 778 parte
921 716 973 757 sna
991 700 1097 759 maiore
1112 698 1235 761 incidas

139 792 169 851 in
187 793 303 870 eosqui
324 793 480 851 oonsulibus
503 791 700 869 designantur,
723 791 773 850 sed
792 791 919 852 dminem
942 794 972 850 in
995 811 1092 853 eorum
1109 811 1234 853 mensur

139 886 302 963 Angustum.
334 885 402 944 uhtu
421 903 489 945 uero
503 885 615 944 uidetur
626 887 811 962 Hieronymus
829 894 904 944 certe
921 886 951 944 in
970 885 1153 964 excerpendo
1163 886 1234 946 Soc·

139 980 216 1039 tonin
230 980 368 1038 contrario
382 979 467 1038 modo
479 997 537 1038 rem
556 978 715 1038 instituisse.
746 978 820 1036 Nam
837 977 901 1037 iusti
919 979 1078 1038 consulares
1095 980 1120 1039 si
1139 978 1235 1040 donio-

139 1081 239 1131 raotur
251 1092 313 1131 cum
329 1072 450 1131 numeris
462 1073 621 1150 Hieronymi
638 1073 681 1149 iis,
699 1072 799 1150 quihus
817 1090 862 1130 res
880 1072 973 1151 aliqua
988 1073 1135 1131 ascribitur
1147 1090 1235 1133 utrcu-

138 1166 227 1225 ratios
242 1183 259 1223 a
273 1164 407 1224 Suetonio
426 1164 581 1244 designata,
599 1166 668 1224 mira
686 1165 831 1223 diuersitas
849 1164 1066 1244 deprehenditur
1081 1186 1150 1225 cum
1167 1165 1235 1245 quid

31 1252 34 1263 '
139 1258 230 1317 altero
248 1267 322 1331 ntro,
341 1256 417 1335 quod
436 1258 565 1334 indicaui,
584 1260 674 1338 spatio
693 1268 800 1335 gestum
819 1268 871 1318 est.
909 1258 1048 1318 Numerus
1058 1276 1234 1318 numm

138 1350 225 1410 orest
242 1351 386 1409 consutum
404 1369 513 1426 eorum,
531 1370 601 1430 qnos
619 1350 686 1429 dixi,
705 1370 774 1430 ergo
792 1370 1010 1413 n.osncoccn11
1028 1360 1071 1411 est
1088 1352 1234 1411 isthursis

7 1434 10 1441 '
138 1444 251 1520 Cottae
270 1444 306 1503 L.
316 1443 414 1503 Manlii
428 1446 576 1524 Torquati,
596 1462 855 1505 amorreorum
875 1447 929 1505 Cn.
940 1445 1077 1524 Pompeii,
1095 1444 1234 1505 teitan

139 1526 249 1613 Crassi,
273 1554 539 1598 n.utoooccxovtr
561 1539 650 1599 Sentii
673 1538 831 1610 Saturnini,
855 1539 976 1598 Lucretii
993 1539 1181 1617 Vespillonis,
1203 1556 1235 1596 n.

139 1648 216 1690 orosa
234 1632 314 1689 Fabii
333 1630 452 1707 Persici,
468 1632 515 1692 L.
533 1632 664 1708 Vitellii,
681 1651 711 1692 n.
724 1649 894 1692 srstuxrrr
911 1632 1010 1691 Rubrii
1027 1631 1126 1708 Marii,
1151 1632 1236 1691 dunt

141 1724 218 1783 Galli
240 1725 428 1801 consulatus,¹
442 1726 542 1804 quibus
566 1725 687 1783 numeris
711 1736 741 1784 et
764 1726 922 1785 consulibus
940 1722 1016 1802 opud
1034 1725 1236 1803 Hieronymum

139 1826 171 1879 et
187 1816 352 1877 Suetonium
374 1828 459 1877 natos
477 1818 626 1892 Horatius,
650 1819 707 1875 nati
731 1828 782 1878 aut
806 1819 907 1877 mortui
924 1817 1053 1894 Virgilius
1075 1826 1106 1878 et
1122 1817 1237 1878 Persiu

138 1919 242 1990 posim
259 1908 434 1989 produntur,
452 1909 503 1969 sed
521 1911 561 1970 vt
578 1910 621 1970 ld.
642 1909 724 1985 Deo,
743 1910 784 1970 id.
804 1911 881 1986 Oct,
898 1910 948 1969 Kl’
965 1910 1045 1987 Oct,
1064 1909 1141 1990 prid
1159 1910 1237 1975 Non.

138 2004 222 2081 Deo,
239 2004 304 2064 tht
313 2000 367 2063 ΚΡ
377 2002 447 2062 Dec.
484 2000 603 2062 Possent
620 2021 657 2062 ex
676 2004 739 2062 uitis
756 2004 882 2063 Suetonii
899 2001 1017 2082 piurima
1034 2003 1090 2062 alia
1107 2004 1238 2084 ermnphr

138 2099 216 2177 poni.
249 2100 327 2158 Haec
344 2097 430 2174 igitur
446 2097 471 2156 si
489 2105 567 2155 recte
585 2114 618 2156 se
635 2095 751 2172 hahent,
770 2114 839 2156 casu
855 2096 961 2156 huon
978 2112 1041 2156 esse
1056 2114 1113 2156 non
1126 2106 1237 2177 potest,

138 2193 217 2272 quod
228 2190 345 2269 Augusti
363 2191 465 2262 ohit'us,
484 2190 590 2249 Tiberii
609 2208 694 2264 mors,
713 2190 859 2267 Caligulas
873 2208 938 2266 nex,
957 2189 1121 2268 topasion
1139 2208 1238 2252 excu-

138 2304 201 2363 sus,
220 2303 293 2364 quae
311 2285 405 2344 omnia
422 2294 488 2344 sunt
505 2284 635 2357 bunarii,
654 2283 758 2359 Martii,
777 2284 855 2359 hirii,
874 2282 991 2360 Augusti
1008 2282 1237 2360 mariamnem

139 2387 309 2437 annotantur
325 2378 358 2434 iis
377 2378 513 2452 numeris,
537 2379 585 2456 qui
604 2376 774 2456 respondent
792 2375 950 2434 consulibus
967 2375 1161 2448 Suessetanis,
1184 2375 1238 2437 ssd

140 2473 267 2550 proxime
285 2469 526 2549 praecedentibus,
545 2471 629 2530 ualde
646 2471 806 2548 indignante
824 2470 988 2548 pleramque
1002 2468 1158 2547 Scshgem.
1185 2470 1238 2530 Vi-

138 2563 202 2638 des,
221 2563 288 2640 quid
305 2572 451 2641 sequatur:
471 2582 587 2623 numero
599 2582 775 2622 muxxxtrs
790 2563 950 2640 Hieronymi
968 2562 1105 2621 contineri
1118 2564 1188 2623 anni
1198 2563 1237 2624 V.

140 2656 176 2716 C.
186 2659 246 2716 770
258 2665 413 2733 postremos
431 2665 461 2715 et
478 2658 544 2716 anni
558 2660 613 2716 771
626 2658 734 2735 priores
746 2674 864 2722 menses.
894 2656 950 2714 cot
967 2672 1030 2713 cum
1045 2653 1239 2716 ondit-nors

139 2750 295 2825 ascribitur,
315 2768 371 2808 non
390 2759 434 2809 est
451 2767 564 2809 necesse
582 2759 683 2829 optare
699 2767 835 2826 mensem,
853 2766 911 2828 quo
928 2748 1096 2826 contigerits.
1108 2748 1240 2808 menri

137 2851 232 2903 tamen
250 2843 341 2921 spatio
360 2862 432 2921 opus
449 2843 518 2914 suit,
544 2853 577 2902 ut
594 2843 632 2903 de
650 2851 764 2902 senatus
782 2843 927 2913 consulto,
950 2850 1009 2921 quo
1027 2840 1104 2917 dixi,
1133 2841 1239 2901 certior

137 2946 224 3015 poeta
234 2936 330 3012 fieret3
349 2937 408 2997 uid.
421 2937 504 2996 Pont.
517 2939 711 3016 4,11,15sq.
728 2948 758 2997 et
770 2937 809 2995 ib.
820 2938 889 3012 ii,3,
908 2954 981 3014 quae
997 2935 1115 3014 epistola
1132 2936 1241 3014 scripta

137 3028 235 3091 estad
254 3029 424 3089 Graecinum
443 3033 584 3092 consulem
601 3032 777 3108 designatum
796 3032 863 3089 anni
880 3032 952 3099 769,
973 3027 1029 3087 sed.
1041 3026 1243 3091 mffiomdnn

135 3122 203 3183 inde
221 3122 398 3184 aKa1.hiai.
416 3123 547 3200 fortasse,
564 3123 684 3184 docente
701 3123 795 3201 lapide
813 3121 897 3201 apud·
911 3121 1040 3181 Fahrett.
1058 3128 1134 3198 synt.
1151 3121 1239 3183 ’πη

136 3235 166 3276 tr.
178 3218 250 3293 224,
276 3216 353 3296 quod
375 3219 447 3276 scire
472 3237 527 3278 non
547 3219 637 3295 potuit
656 3215 774 3276 Ouidius
792 3215 845 3273 nisi
867 3223 933 3294 post
949 3214 1062 3273 comitia
1079 3213 1148 3273 sunt
1165 3217 1240 3289 76⁸,

135 3311 238 3371 mensis
252 3311 377 3371 fortassis
393 3311 528 3387 eiusdem,
547 3310 605 3370 uid.
624 3327 709 3388 supra
727 3328 758 3388 p.
768 3326 867 3368 xsrrr.
896 3306 981 3376 Quod
1000 3305 1078 3385 apud
1096 3308 1240 3384 Hierony·

135 3420 212 3462 mom
227 3403 325 3463 eodem
338 3423 453 3464 numero
466 3405 585 3464 alterurn
598 3404 699 3462 lemme
717 3412 775 3463 estc
796 3403 977 3462 Gemoaiotss
993 3401 1098 3461 dorato·
1111 3398 1239 3460 deho-

136 3494 193 3554 tte
210 3496 410 3572 cooptasti,
436 3517 493 3557 uon
512 3501 645 3559 continuo
663 3495 807 3573 Scaligero
825 3495 1008 3554 concesserim
1027 3490 1238 3556 enmdsndm

135 3604 211 3648 esset
236 3586 271 3647 dc
295 3591 394 3649 coitis.
433 3592 606 3672 Triumphus
624 3593 661 3653 de
681 3589 845 3664 Cheruscis,
867 3589 975 3662 Cattis,
994 3586 1164 3662 Angriuariis
1180 3584 1240 3645 du·

134 3692 197 3740 ctus
222 3691 265 3740 est
290 3700 386 3741 mense
403 3683 479 3741 Maio
502 3686 569 3742 anni
587 3689 664 3761 770,
691 3682 869 3742 meribendm
893 3682 976 3758 igitur
997 3679 1095 3738 fuisset
1116 3696 1238 3740 numero

133 3791 312 3834 atrtxxxrrs
339 3795 402 3834 cum
422 3774 587 3835 Parthorum
614 3794 681 3854 rege
699 3777 841 3836 Artabano
863 3773 963 3833 foedus
988 3783 1068 3832 certe
1088 3771 1239 3849 splendide

134 3877 301 3927 renouatum
321 3877 363 3928 est
382 3887 400 3927 a
419 3869 587 3928 Germanico
606 3887 680 3929 suno
697 3874 766 3944 771,
786 3869 859 3930 Tuo.
874 3886 939 3926 ann.
953 3873 985 3942 2,
998 3868 1046 3927 dd.
1085 3866 1167 3924 Haec
1183 3864 1239 3925 hs·

72 3981 98 4001 Χ
136 3960 250 4037 behem,
267 3963 366 4040 quihus
381 3963 531 4041 probarem
545 3961 678 4022 Ouidium
693 3962 853 4041 refingendo
867 3963 977 4040 corpori
991 3961 1139 4034 festorum,
1158 3958 1238 4037 qnod

136 4054 271 4120 missurus
290 4053 326 4113 ad
346 4056 560 4133 Germanicum,
583 4057 606 4114 si
626 4058 654 4114 in
673 4058 765 4115 Asiam
785 4057 920 4132 uenisset,
937 4056 1039 4129 fuerit,
1056 4055 1237 4113 immortuum

135 4166 197 4210 esse
212 4147 339 4209 absoluto
355 4149 447 4227 primo
464 4148 549 4220 libro.
579 4147 663 4217 Vnde
681 4149 786 4211 sermm
804 4151 851 4228 sit,
868 4161 900 4212 ut
917 4169 973 4212 non
991 4147 1133 4224 absolutos
1151 4146 1236 4228 quiu-
