2550 4574
488 249 736 318 cuuouopourca
1070 250 1163 300 cxxv

70 423 136 485 qnae
161 404 307 484 profertur
324 421 342 462 a
359 403 513 463 Censorino
532 422 558 462 c.
572 407 621 472 20,
640 421 670 480 p.
689 401 744 459 105
764 402 894 477 llouerc,
920 404 1034 461 oliorum
1053 411 1164 463 secutus

70 503 102 560 sit
117 498 248 557 iudicium
265 517 320 577 per
337 515 435 556 manm
454 497 585 556 traditum
605 505 635 555 et
648 497 783 554 uetustius
801 498 972 572 temporibus
990 496 1059 555 lunii
1072 499 1164 556 Grau-

10 585 29 621 *
72 593 144 652 rbani
164 602 196 650 et
213 592 254 649 Μ.
275 592 371 650 Frrluii
390 589 538 647 Nobilioris
557 607 613 647 coo.
633 607 706 648 anno
725 588 763 648 V.
776 589 810 647 C.
831 589 898 664 565,
920 591 967 666 qui
985 591 1185 669 antiquissimi·

13 675 31 711 ’””
73 695 129 744 snut
147 703 259 760 eornrn,
277 687 325 763 qni
343 700 429 761 super
447 700 520 740 auno
539 682 667 740 Romano
687 683 845 740 nominatim
866 683 1024 742 laudantur.
1061 684 1101 743 Μ,
1116 685 1165 742 lu-

73 781 126 838 nius
143 791 239 836 utnrm
258 778 296 837 de
314 794 349 836 eo
366 796 398 835 ro
416 775 484 834 dato
502 792 589 852 opera
607 795 642 833 ac
658 776 788 852 singulari
807 776 877 833 libro
893 778 1060 853 exposuerit,
1079 796 1116 836 an
1134 779 1165 837 in

71 872 326 931 commentariorum
352 870 445 945 libris,
470 888 541 948 quos
560 868 649 926 Varro
675 867 711 926 de
737 868 758 927 l.
776 869 796 926 l.
817 872 847 943 o,
867 870 905 927 95
928 871 1165 946 commemorauit,

69 967 241 1044 exploratum
259 982 316 1023 uon
334 961 386 1023 est.
424 963 591 1039 Fragmenta
610 964 669 1020 eius
688 962 769 1020 buius
788 965 895 1040 generis
913 972 978 1021 sont
996 963 1072 1041 apud
1091 963 1166 1021 Var-

10 1042 16 1065 ⁸
66 1076 161 1119 ronam
180 1058 219 1119 de
237 1060 257 1117 l.
271 1060 294 1118 l.
308 1060 340 1134 6,
354 1062 409 1134 ³³3
426 1057 516 1116 Macr.
537 1059 627 1130 l,13,
647 1074 677 1131 p.
689 1057 762 1130 2533
781 1058 897 1115 Censor.
911 1061 960 1132 20,
980 1076 1010 1134 p.
1024 1056 1096 1133 1053
1110 1062 1166 1133 22,

64 1155 175 1231 pull,
191 1148 265 1229 quae
279 1152 316 1209 ab
335 1151 394 1209 aliis
408 1161 475 1208 sunt
488 1159 637 1229 annotata:
655 1149 762 1225 reliqua
779 1168 814 1207 ex
832 1150 903 1207 alius
920 1152 1074 1227 argumenti
1090 1151 1167 1209 libris

63 1246 123 1305 eius
142 1244 253 1320 multo,
271 1261 355 1322 quam
374 1241 466 1300 adbuc
483 1241 588 1301 iactum
606 1250 667 1317 est,
687 1242 843 1318 diligentius
862 1260 880 1301 e
898 1243 1050 1320 Cicerone,
1068 1246 1167 1322 Festo,

62 1340 159 1398 Gellio
180 1339 334 1415 conquisita
357 1336 435 1394 dabit
458 1335 621 1415 propediem
645 1336 747 1394 amicos
765 1336 878 1414 quidam
896 1333 1007 1413 noster,
1032 1339 1120 1397 cuius
1135 1339 1167 1397 in

60 1432 241 1513 prouinciam
266 1431 392 1489 iooolare
414 1429 496 1488 boios
520 1429 574 1487 loci
599 1447 655 1487 non
682 1437 733 1489 est.
786 1430 901 1487 Fuluius
925 1441 1018 1488 autem
1038 1431 1167 1489 Nobilior

61 1546 130 1585 curn
144 1527 283 1585 fastorum
301 1523 441 1598 tabulam
462 1522 507 1579 nol
525 1523 634 1581 tabulas
654 1542 672 1580 a
690 1541 722 1581 se
740 1523 881 1581 confectas
902 1525 930 1580 in
950 1524 1020 1583 aede
1040 1524 1168 1583 Herculis

64 1621 209 1679 Murrum
227 1617 353 1696 posuerit
377 1625 450 1674 teste
467 1615 555 1674 Maur.
578 1621 607 1689 1,
628 1621 676 1691 12,
695 1636 725 1695 p.
737 1619 805 1692 244,
830 1627 890 1673 tum
915 1620 997 1675 etiam
1021 1617 1106 1675 libros
1130 1615 1169 1677 de

64 1712 168 1772 eodem
186 1720 351 1789 argumento
369 1709 558 1786 composuisse
572 1709 692 1780 uidetur,
711 1712 759 1788 qui
779 1719 883 1788 quanta
895 1711 1059 1769 anctoritate
1076 1710 1170 1768 statim

61 1808 191 1881 fuerint,
217 1806 301 1864 docet
319 1805 397 1862 locus
415 1803 510 1860 Coelii-
524 1803 661 1879 Antipatri
686 1822 705 1861 a
723 1803 1004 1862 Charisioffadlribitus
1024 1810 1053 1879 1,
1071 1823 1101 1882 p.
1111 1809 1170 1863 112

61 1901 113 1960 Pa
131 1900 295 1959 Publlootoo
311 1899 409 1974 quippe
427 1895 521 1968 fusim
535 1912 628 1954 maaca
645 1903 672 1954 ot
690 1897 775 1957 libros
793 1916 813 1956 o
831 1896 930 1956 Fuluio
944 1896 1083 1958 Nobiliori
1096 1899 1170 1958 urt-

62 2002 133 2072 ptos
153 1992 294 2063 ambae,
319 2008 393 2068 quae
417 1989 504 2047 uerba
521 1989 617 2047 nescio
642 2007 680 2047 an
697 2009 733 2050 ex
751 2010 802 2049 nso
820 1992 953 2049 sermonis
972 1980 1055 2049 latini
1066 1993 1115 2050 uix
1132 1991 1170 2052 de

63 2090 126 2147 alia
143 2104 177 2147 re
193 2085 370 2163 interpretari
393 2081 494 2157 liccat,
520 2099 556 2139 ac
580 2081 617 2140 de
643 2082 753 2142 lromioe
777 2084 869 2161 aliquo
894 2086 923 2142 in
941 2102 973 2142 re
990 2094 1171 2153 controuerso

63 2182 182 2263 publice
198 2179 235 2238 ad
248 2179 341 2237 Fuluii
358 2177 463 2254 scripta
481 2185 662 2254 prouocante.
683 2177 728 2234 Ex
746 2181 942 2239 commentario
962 2179 1055 2255 aliquo
1074 2178 1169 2237 hoium

67 2275 148 2334 modi
165 2273 333 2332 luculentam
351 2281 460 2349 partem
473 2270 640 2328 Laurentius
652 2267 748 2345 Lydus
767 2271 906 2329 transtulit
923 2273 951 2329 in
970 2272 1070 2329 librum
1088 2290 1170 2332 sorim

70 2368 109 2428 de
127 2366 260 2441 osoends,
278 2367 420 2442 cap.16.'
441 2362 606 2436 Proximus,
626 2364 674 2438 qui
693 2371 769 2418 certa
787 2374 880 2422 aetate
898 2365 934 2424 de
953 2367 1018 2423 anni
1036 2367 1171 2443 tempori-

71 2462 128 2518 bus
144 2460 261 2538 rcripsit,
278 2469 321 2517 est
338 2458 380 2516 Μ.
399 2458 548 2516 'forentius
567 2457 669 2530 Varro,
688 2464 720 2513 ut
739 2468 819 2533 puto,
838 2457 866 2515 iu
886 2458 958 2515 libris
978 2461 1171 2537 antiquitatum

74 2553 272 2611 humanoromc
301 2571 419 2629 quorum
446 2570 507 2608 cnm
535 2569 605 2609 nnus
630 2550 745 2608 testibus
772 2551 848 2610 Gell.
873 2556 903 2626 3,
922 2557 956 2621 2,
982 2552 1069 2612 Macr.
1091 2559 1171 2629 1,3‚

76 2666 108 2726 p.
119 2651 170 2707 196
188 2649 222 2708 da
240 2645 334 2705 Mors
352 2646 454 2720 fuerit,
481 2645 636 2703 interfuerit
654 2645 686 2701 iis
705 2645 786 2701 etiam
807 2645 871 2718 ille,
897 2662 980 2722 qoem
1005 2645 1038 2703 da
1055 2645 1173 2705 socculis
1248 2661 1255 2679 ⁴

77 2740 234 2817 inscriptum
254 2740 338 2798 tradit
356 2739 471 2797 Seruios
491 2737 526 2795 ad
547 2740 614 2797 Aeo.
634 2742 664 2811 8,
682 2739 756 2796 526:
782 2736 901 2794 medium
920 2739 1002 2813 igitur
1019 2740 1092 2795 inter
1110 2740 1171 2797 illos

79 2834 193 2911 aliquem
213 2833 357 2911 probabile
375 2842 418 2890 est
437 2831 470 2889 da
487 2835 570 2889 onom
586 2832 682 2905 fuisse,
700 2834 738 2889 ita
758 2831 829 2888 enim
849 2833 994 2888 consueuit
1007 2832 1047 2888 Μ.
1062 2834 1172 2891 Teren·

81 2928 141 2985 tius.
177 2927 297 2985 Restant
315 2926 372 2983 duo
391 2925 577 3002 grammatici,
596 2943 714 3001 qnorum
733 2924 840 2983 definiri
859 2933 969 3000 oportet
988 2934 1117 2997 aetatem,
1137 2923 1173 2980 L.

84 3020 186 3076 Cincius
204 3031 233 3077 et
253 3020 399 3077 Cornelios
417 3020 522 3078 Labeo.
562 3019 641 3074 Lucii
660 3017 748 3076 Cincii
772 3018 828 3074 duo
854 3018 951 3074 saltem
970 3016 1054 3093 plane
1073 3015 1175 3073 diuersi

87 3123 344 3186 commemorantur,
370 3113 510 3170 annalium
530 3113 648 3189 scriptor
666 3111 822 3170 notissimus
841 3111 1004 3186 cognomine
1022 3109 1176 3166 Alimentus
1234 3110 1239 3117 '

90 3212 203 3280 tempore
222 3206 286 3263 belli
304 3205 401 3262 Punici
419 3204 532 3262 secundi
552 3214 581 3261 et
598 3206 756 3282 negotiator
776 3204 904 3280 quidam,
925 3212 956 3259 ut
975 3200 1095 3276 uidetur,
1114 3201 1175 3258 Ro-

90 3312 175 3354 manus
195 3299 222 3354 in
242 3297 383 3356 Ciceronis
403 3317 469 3375 epp.
488 3298 524 3355 ad
542 3301 600 3355 Att.
618 3300 684 3372 1,7
706 3306 735 3354 et
753 3297 898 3372 aliquoties
923 3306 1082 3372 praeterea.
1123 3295 1177 3354 Vix

92 3388 162 3464 igitur
179 3393 265 3468 magis
284 3408 396 3448 necesse
422 3401 464 3450 est
490 3409 553 3451 eum
572 3391 689 3449 Lucium
709 3389 849 3458 Cincium,
874 3389 921 3469 qui
940 3407 956 3446 a
975 3389 1060 3446 Festo
1079 3409 1108 3467 p.
1118 3390 1176 3446 218

94 3479 175 3541 nuel.
200 3485 335 3542 nominari
362 3485 456 3561 utique
481 3485 607 3558 uidetur,
632 3483 716 3541 fuisse
741 3485 880 3541 annalium
907 3494 1067 3557 auctorem,
1093 3500 1177 3559 quam
1267 3474 1272 3481 '

96 3571 166 3633 inbre
182 3580 386 3654 argentarium:
407 3580 495 3653 uaria,
515 3578 587 3655 quae
606 3578 657 3633 sub
676 3577 762 3634 Cincii
781 3579 891 3634 nomine
910 3577 985 3654 apud
1004 3577 1118 3633 Festum
1137 3578 1179 3632 al·

10 3680 15 3713 '-
97 3664 224 3744 legantur,
243 3673 347 3748 scripta
366 3673 487 3729 eiusdem
508 3690 567 3728 esse
587 3670 703 3728 hominis
723 3673 864 3745 conuenit,
884 3673 936 3728 nisi
956 3670 1101 3727 manifesto
1121 3669 1177 3725 dis-

99 3760 179 3821 similia
197 3764 354 3822 habuerunt
372 3774 553 3843 argumenta3
577 3782 669 3842 neque
687 3765 759 3821 enim
780 3765 808 3821 irr
826 3766 891 3842 ipsis
907 3763 1044 3821 Aeliorum
1063 3763 1180 3818 nomini·

10 3866 20 3900 τ
101 3850 141 3909 bus
156 3855 405 3933 indiscriminatim,
432 3859 471 3917 uti
499 3857 586 3915 uideri
603 3857 691 3935 possit
717 3858 806 3915 obiter
830 3859 948 3934 legenti,
973 3857 1069 3934 positis
1093 3854 1181 3913 errori

14 3982 22 4005 ι
101 3960 181 4019 prens
195 3959 237 4007 est
249 3951 376 4028 Verrius,
391 3951 624 4030 quemadmodum
638 3949 879 4010 demonstrabitur.
909 3951 981 4008 Cum
993 3950 1076 4026 igitur
1089 3964 1181 4024 gram·

10 4034 23 4084 '¹-
103 4041 187 4100 nauca
205 4045 342 4121 pleraque
359 4047 432 4120 sint,
452 4064 525 4122 quaa
546 4045 633 4101 Cincii
650 4053 747 4102 extant
765 4044 840 4121 apud
859 4045 991 4118 Festum,
1016 4058 1136 4119 comque
1151 4036 1181 4095 id

10 4143 24 4193 *e
104 4148 184 4211 genus,
203 4137 280 4218 quod
298 4139 379 4199 multi
396 4137 553 4198 indicarunt
570 4147 599 4200 et
618 4156 700 4198 nemo
718 4156 775 4196 non
796 4137 880 4209 uidet,
898 4155 955 4195 non
974 4137 1077 4215 optime
1095 4131 1182 4191 Cincii
