2550 4574
130 260 249 311 ctxxu·
596 253 640 303 lla
661 255 770 309 escars

130 428 216 491 sopra
233 425 365 490 pcxrr.
390 387 448 464 ile
464 404 651 465 luturaalibus
677 405 854 468 breuissimus
877 407 1158 487 asportantes:
1179 425 1227 468 oe·

59 504 61 511 ‘
117 502 238 573 ‘lebrsta
263 503 298 559 ab
323 501 355 559 iis
381 497 447 557 dicit
465 498 579 559 Seruius
604 499 667 559 loco
685 517 772 579 supra
790 519 820 577 p.
832 517 923 558 cxxr
941 499 1079 576 indicato,
1106 504 1155 578 qut
1174 521 1228 562 cr-

130 596 245 673 tificlam
268 610 345 670 corso
368 598 509 668 onomat,
535 600 604 671 puts
629 584 741 670 coquis,
767 593 934 670 pistoribus,
953 605 1023 655 caet.
1062 595 1226 655 Clausenius

107 678 109 683 ⁴
131 710 162 771 p.
171 691 229 748 709
247 686 327 761 nimia
345 684 428 743 docte
446 685 576 763 aquilices
596 687 731 763 intelligit.
770 685 935 744 Carmentae
954 686 1125 745 sacrificandi
1144 688 1226 746 ritum

132 783 217 843 tradit
241 787 270 856 1,
288 780 469 853 627-634,
500 777 575 838 unde
598 777 725 836 discimus
752 788 900 857 utrumque
923 780 1000 840 illurn
1026 782 1099 840 diem
1123 780 1226 839 festum

60 930 63 946 ,
130 877 300 939 celeb'ratum
324 871 408 931 fuisse
427 873 688 950 apraeguantibus'.
727 873 771 930 De
790 873 897 931 alterno
916 873 963 932 illo
983 876 1093 933 nomine
1112 893 1141 934 ιι.
1157 877 1227 950 633,

129 972 169 1031 its
188 968 259 1027 enim
278 966 357 1024 uelut
374 966 402 1024 in
418 964 485 1029 lano
501 968 530 1040 1,
546 968 602 1023 129
620 965 809 1045 accipiendum
829 974 872 1024 est
889 973 919 1025 et
935 986 1026 1046 prope
1044 977 1190 1047 acceptum
1209 987 1227 1027 a

112 1060 273 1141 lllacrobio
291 1068 344 1118 sat.
362 1064 391 1133 1,
404 1060 434 1132 7,
448 1073 478 1135 p.
490 1058 556 1129 151,
575 1068 634 1117 turn
654 1059 690 1119 de
708 1059 783 1118 omni
801 1058 871 1117 deae
889 1060 1031 1137 prouincia
1050 1046 1167 1138 postliac
1185 1061 1226 1120 di·

15 1166 19 1171 “
130 1166 218 1215 cetur.
260 1152 344 1212 Nunc
367 1151 545 1210 manifestum
570 1163 613 1212 est
636 1171 736 1230 pucros
757 1155 929 1230 arcanasque
945 1172 976 1210 ιι.
991 1157 1049 1212 628
1074 1155 1141 1213 nihil
1167 1172 1227 1214 esse

130 1247 217 1328 aliud,
237 1265 320 1325 qnam
338 1252 438 1324 portora
457 1264 485 1302 ιι.
497 1249 564 1304 623.
603 1246 674 1305 Cum
688 1243 806 1305 Ouidius
825 1264 910 1324 snpra
930 1245 996 1304 nihil
1015 1248 1066 1304 nisi
1082 1247 1227 1306 fatidicum

130 1342 201 1402 deae
219 1359 321 1398 numen
341 1356 401 1397 esse
419 1338 655 1421 pronunciauerit,
675 1339 719 1398 hic
734 1341 792 1398 eius
805 1341 941 1399 sententia
954 1330 1043 1398 uideri
1062 1343 1148 1419 possit
1160 1360 1228 1421 pro·

77 1434 101 1465 ’·
130 1444 196 1517 pter
219 1439 349 1512 corpcatc
372 1432 472 1491 amima
496 1439 525 1490 et
550 1444 713 1511 recuperata
739 1433 809 1492 deae
834 1434 983 1512 supplicari
1001 1443 1132 1512 coeptum
1151 1453 1224 1510 esse,

130 1546 204 1608 quae
220 1528 308 1586 simile
325 1544 426 1585 nomen
445 1524 571 1600 haberet,
589 1535 655 1584 uota
676 1545 749 1605 quae
767 1529 794 1587 ei
812 1527 913 1587 fierent
930 1543 986 1587 non
1005 1545 1066 1587 esse
1083 1527 1159 1587 saeta
1177 1547 1228 1587 an·

130 1632 243 1702 tequam
261 1630 405 1680 matronae
428 1619 542 1678 abortus
564 1620 732 1685 uoluntarios
750 1622 897 1698 iecisseut3
925 1621 1001 1700 quod
1020 1620 1164 1680 ridiculum
1184 1622 1229 1683 io-

131 1724 191 1791 r'et3
216 1732 309 1793 neque
333 1714 406 1774 enlm
432 1723 549 1792 propter
567 1732 684 1790 nomen,
710 1715 760 1773 sed
787 1726 903 1793 propter
927 1734 1009 1773 usum
1034 1726 1166 1794 carpenta
1191 1715 1229 1774 ad

132 1808 311 1874 Carmentem
335 1806 494 1885 pertinent,
521 1806 578 1865 uid.
598 1807 674 1866 Fert.
693 1828 725 1887 p.
736 1809 803 1884 154,
817 1811 944 1868 13-19
963 1808 1038 1867 dext.
1075 1807 1120 1865 De
1143 1808 1229 1865 moris

16 1973 18 1976 Α
115 1901 217 1981 'ipsius
234 1901 311 1959 initio
329 1898 386 1969 uid.
400 1898 478 1958 Fest.
491 1918 521 1978 p.
536 1899 604 1978 246,
618 1905 635 1959 3
651 1902 716 1978 sim,
735 1921 752 1960 a
772 1922 826 1981 quo
846 1901 962 1961 discedit
978 1901 1035 1962 Οιι.
1049 1899 1114 1959 fast.
1129 1903 1159 1976 6,
1169 1903 1227 1959 603

131 2003 162 2054 et
179 2012 198 2054 a
215 2013 247 2054 se
263 1993 325 2078 ipso
343 1993 474 2068 Verrius,
498 1993 522 2051 si
540 1996 623 2054 moris
639 2004 703 2075 post
721 1995 947 2055 intermissionem
966 1993 1071 2055 reducti
1096 2001 1126 2052 et
1149 1994 1229 2052 insti·

132 2089 186 2151 tuti
203 2089 276 2148 sacri
295 2088 367 2147 idem
386 2089 687 2167 tempuscoosiguauit
704 2090 733 2148 in
751 2088 829 2148 saetis
848 2088 1045 2162 Praenestinis,
1063 2086 1140 2164 quod
1159 2084 1232 2146 Oui·

132 2181 195 2242 dius
208 2181 344 2266 ,uanum
363 2182 487 2259 accepit,
510 2181 596 2260 idque
620 2183 679 2242 eius
704 2184 822 2259 lemma,
848 2182 923 2261 qnod
941 2181 1068 2259 Foggiuii
1093 2179 1176 2258 culpa
1201 2188 1232 2240 et

62 2342 64 2347 ,
133 2286 229 2335 nostra
246 2295 331 2356 snpra
350 2293 473 2355 pcxxr
493 2276 581 2334 minus
600 2277 776 2337 emendatum
801 2275 1010 2354 descripsimus,
1036 2290 1099 2332 cum
1126 2274 1155 2331 in
1179 2273 1230 2331 ad·

133 2356 231 2428 deodis
249 2369 376 2428 secundis
395 2370 539 2429 uoluminis
557 2371 721 2450 Fogginiani
743 2373 782 2430 ita
800 2368 948 2429 reddatur:
976 2367 1232 2427 nlmnlnsml-

134 2461 464 2525 chvRaNSTlT...
485 2466 733 2543 ......Sl.lllD.,
753 2475 837 2540 caet,
856 2465 880 2523 si
894 2462 922 2521 id
938 2463 1049 2537 lemma,
1068 2461 1193 2539 inquam,
1213 2481 1232 2520 a

135 2555 284 2615 Clausenio
296 2575 326 2635 p.
336 2559 395 2614 884
412 2566 488 2616 recte
501 2558 648 2636 suppletur
661 2559 694 2617 Α.
706 2549 826 2618 Seruilio
840 2558 977 2617 dictatore
990 2547 1055 2613 anni
1067 2553 1106 2613 V.
1114 2556 1148 2614 C.
1156 2560 1230 2631 322;

134 2649 278 2708 Aemilium
298 2649 468 2708 Mamercum
488 2651 553 2708 anni
571 2655 628 2715 333
647 2651 808 2711 dictatorem
826 2652 975 2729 Fogginius
994 2649 1120 2733 uolebatr
1143 2648 1229 2707 nihilo

135 2742 314 2802 commodius.
353 2741 438 2810 Quod
452 2743 615 2804 Clausenius
630 2754 712 2824 putat
725 2745 892 2807 Carmentae
910 2753 977 2803 nota
995 2743 1070 2800 lacta
1085 2759 1146 2800 esse
1164 2741 1231 2818 quia

134 2837 275 2896 cuniculus
294 2836 351 2911 ille,
369 2855 427 2913 quo
442 2838 506 2895 urbs
522 2847 605 2917 capta
622 2840 669 2915 cit,
688 2839 766 2919 quasi
781 2857 834 2917 pro
849 2847 941 2913 utero,
961 2835 1036 2895 nude
1052 2837 1150 2895 milltes
1163 2833 1232 2894 ede·

134 2938 248 3006 rentur,
272 2929 382 2989 habitus
400 2930 451 3002 sit,
476 2932 652 2991 inuanustum
672 2933 755 2992 credo
774 2942 977 3008 commentum,
998 2930 1090 2990 malim
1110 2929 1232 3006 cogitare

110 3013 113 3019 ¹
135 3022 173 3085 de
192 3027 313 3087 camnine
329 3023 387 3094 illo,
406 3043 462 3101 qno
481 3043 516 3089 ex
535 3025 647 3086 urbibus
665 3025 785 3086 hostium
803 3026 850 3085 dei
869 3025 1058 3085 euocabantur
1075 3030 1146 3084 teate
1163 3021 1232 3080 Ser-

135 3117 182 3178 uio
198 3118 234 3176 ad
247 3119 316 3177 Aen.
329 3122 360 3194 2,
372 3120 440 3177 244.
478 3118 537 3179 Sed
557 3119 633 3199 quod
652 3120 807 3198 proximum
826 3128 952 3195 annotat,
971 3116 1045 3198 apud
1058 3116 1167 3175 Liuium
1179 3117 1231 3190 27,

135 3213 174 3269 37
193 3229 324 3290 pompam
343 3221 460 3290 propter
477 3213 612 3277 infantem
626 3212 814 3292 prodigiosum
826 3221 921 3271 uatum
935 3231 992 3273 nou
1011 3227 1078 3271 casu
1095 3227 1149 3287 per
1162 3208 1234 3267 Car·

135 3304 283 3365 mentalem
301 3317 412 3382 portam
429 3305 510 3383 duci,
537 3307 692 3366 acutiaime
710 3315 753 3366 est
771 3307 958 3366 obseruatum.
982 3305 1080 3373 Quae
1098 3321 1147 3361 uu.
1163 3305 1235 3376 629,

135 3399 194 3455 630
213 3406 369 3474 monentur,
388 3401 459 3459 sacri
479 3401 537 3459 eiua
556 3408 719 3478 argumento
738 3400 841 3479 optime
861 3400 1045 3472 conueniunt,
1064 3413 1232 3475 quamquam

135 3490 164 3548 in
183 3491 288 3572 aliquot
307 3501 451 3568 praeterea
469 3495 554 3552 sacris
572 3513 607 3553 ao
624 3494 731 3555 sacellis
749 3493 824 3553 idem
842 3495 1020 3555 obseruatum
1038 3488 1123 3551 tradit
1140 3489 1231 3547 Varro

135 3580 172 3640 de
185 3582 207 3644 l.
219 3582 241 3643 l.
254 3584 284 3657 7,
300 3585 348 3658 84,
367 3585 419 3644 cfr.
432 3586 508 3645 Fest.
522 3605 551 3664 p.
562 3591 629 3662 161,
645 3591 662 3645 3
675 3588 727 3647 sin.
766 3587 851 3661 Quod
870 3588 907 3650 ad
926 3589 1013 3650 uerba
1032 3581 1172 3644 Ouidiana
1189 3591 1233 3641 at·

134 3674 214 3750 tinet,
233 3694 296 3737 cum
317 3696 345 3736 n.
361 3681 420 3735 622
438 3681 609 3757 comparabis
629 3682 699 3759 Aug.
719 3681 756 3740 de
774 3701 801 3742 c.
820 3681 849 3741 d.
862 3686 941 3757 7,3ι
964 3687 991 3743 at
1008 3677 1070 3739 idac
1087 3670 1133 3737 lta
1148 3679 1235 3739 clima

134 3786 260 3849 marusa
278 3788 349 3850 qrroa
367 3771 406 3830 od
423 3770 627 3852 monacos
645 3774 768 3834 homines
785 3779 932 3851 portereau
952 3794 979 3834 u.
995 3773 1052 3831 635
1073 3789 1157 3849 aegre
1175 3770 1235 3833 ior·

136 3870 211 3922 tasse
228 3863 302 3924 seres
321 3864 453 3925 blandam
469 3866 631 3944 scripturam
650 3887 669 3926 a
687 3888 732 3926 me
748 3871 965 3944 exterminatam,
983 3886 1036 3926 nec
1055 3874 1150 3925 tamen
1164 3881 1235 3942 poe-

135 3955 338 4017 nitet'iactum.
371 3958 447 4019 Num
466 3958 559 4018 ldibus
577 3961 636 4021 lan.
651 3967 680 4037 1,
694 3963 751 4021 587
770 3981 873 4022 ueruex
892 3981 945 4041 pro
964 3980 1030 4036 oue,
1049 3959 1094 4019 uti·
1109 3955 1234 4015 dicebam

135 4067 167 4127 p.
180 4069 269 4129 extr,
289 4054 404 4113 mactari
421 4055 597 4114 consueuerit
618 4064 733 4134 propter
750 4055 834 4117 ferias
853 4046 1033 4135 Augustales,
1060 4051 1120 4112 uid.
1137 4068 1167 4128 p·
1177 4065 1233 4122 ιι,

135 4144 238 4208 racto.
274 4144 321 4229 De
338 4163 418 4210 sacro
439 4147 613 4213 Conomdiae
631 4151 732 4228 1,637
750 4149 818 4214 anit
836 4149 901 4214 milri
920 4149 1050 4213 innotuit.
1086 4145 1131 4206 De
1148 4140 1234 4204 mori·
