2550 4574
141 276 219 322 uxvl
540 269 672 318 OVIDIVS
695 270 839 319 CLODIVM

142 428 222 507 lippi,
241 421 429 496 Euctemonis,
450 418 572 501 Calippi,
592 420 754 501 Hipparchi,
772 420 893 499 Eudoxi,
912 422 1065 482 Metrodori
1083 424 1244 503 fragmenta

142 514 217 600 apu'd
236 518 399 588 Geminum,
426 515 636 590 Ptolemaeum,
655 515 764 591 Lydum
784 515 821 574 de
840 517 998 591 mensibus,
1018 516 1148 576 Caesaris
1168 518 1244 597 apud

141 612 252 672 eosdem
271 620 299 668 et
317 610 434 668 Plinium
454 609 499 667 uei
515 610 705 680 Columellam,
724 609 857 668 Varronis
877 620 907 668 et
921 609 1024 687 Nigidii
1042 612 1146 689 passim
1166 612 1242 691 apud

140 698 257 779 multos,
278 703 344 761 nibil
362 722 452 782 paene
470 711 587 781 prosunt
606 701 727 777 Ouidio,
746 703 798 761 nisi
817 704 997 762 intercessore
1017 706 1071 763 isto
1093 706 1239 783 scriptore,

139 800 221 878 quem
240 800 294 855 iam
313 797 527 875 nuncupandum
546 814 608 855 esse
628 795 717 854 uideo.
756 789 810 854 Est
834 798 857 853 is
877 794 991 854 Clodius
1010 796 1141 872 Tuscus,
1165 798 1241 857 cuius

137 884 225 953 'fastos
244 892 440 949 astronomicus
459 907 558 968 graece
579 888 615 947 ad
637 891 761 960 uerbum,
784 898 815 948 ut
834 890 883 963 ait,
903 889 1026 947 redditos
1045 890 1117 949 libro
1134 910 1187 951 sno
1205 892 1241 951 de

138 976 251 1045 ostentis
271 985 383 1043 inseruit
399 983 564 1041 Laurentius
580 980 687 1057 Lydus,
707 1000 789 1060 quem
807 984 906 1041 librum
926 1001 960 1039 ex
980 981 1076 1040 codice
1093 984 1236 1042 Caseoiino

138 1080 225 1139 'edidit
250 1079 320 1136 Ben.
342 1078 440 1135 Hosius
459 1075 573 1133 Parisiis
599 1078 684 1132 1823.
731 1075 775 1132 Ea
800 1076 860 1153 ipsa
887 1092 953 1152 pars
978 1077 1037 1132 eius
1061 1076 1143 1152 iibri,
1168 1056 1234 1157 quai

138 1174 256 1233 maximo
278 1172 354 1230 nobis
373 1164 426 1228 suit*
445 1170 524 1243 usui,
544 1166 723 1244 iampridem
743 1178 808 1226 nota
828 1176 907 1242 erat,
933 1167 982 1225 sed
1001 1177 1163 1247 contempta
1179 1172 1233 1227 iure
1254 1188 1259 1223 t

137 1266 256 1340 iacebat,
276 1273 352 1322 certe
370 1262 407 1320 ad
426 1259 556 1319 Ouidium
577 1259 704 1318 conferre
724 1261 789 1319 nihii
810 1269 938 1340 poterats
958 1260 1109 1320 Ptolemaei
1127 1264 1231 1320 dicein·
1256 1282 1262 1321 t

138 1370 184 1418 tur
202 1376 279 1433 esse3
306 1375 392 1434 quare
410 1355 515 1413 etiamsi
535 1354 596 1431 quis
616 1373 678 1411 cum
698 1351 801 1411 Ouidio
820 1356 998 1429 contulisset,
1017 1365 1096 1414 certe
1115 1374 1151 1414 ex
1168 1355 1231 1417 Oui·
1260 1385 1275 1410 a

137 1452 184 1510 dio
205 1451 393 1510 consarcinata
415 1449 473 1506 uisa
492 1455 580 1521 esset,
600 1448 762 1524 praesertim
782 1466 844 1504 cum
863 1449 948 1506 iatine
967 1458 1085 1507 extaret.
1121 1449 1232 1507 Clodius

137 1548 248 1604 Tuscus
267 1544 457 1622 grammaticus
476 1540 540 1616 suit,
561 1541 639 1598 cuius
655 1542 914 1599 commentariorum
933 1543 1018 1600 libros
1038 1542 1157 1619 quatuor
1168 1542 1232 1624 Ser·
1261 1554 1271 1603 2³

137 1641 199 1697 nius
218 1639 255 1698 ad
266 1639 419 1713 Virgilium,
438 1638 543 1694 litteras
562 1632 599 1691 ad
618 1632 743 1692 Sinnium
759 1633 923 1710 Capitonem
942 1634 1022 1692 datas
1034 1636 1144 1694 Gellius
1162 1654 1231 1695 oom-

137 1741 272 1792 memorat
292 1732 322 1805 b,
343 1734 398 1805 ²⁰5
433 1728 521 1787 Sirmii
541 1726 683 1805 Capitonis
702 1727 810 1804 scriptis
829 1747 893 1785 usus
913 1738 955 1812 est
973 1728 1089 1787 Verrius
1108 1730 1233 1802 Flaccus,
1272 1748 1273 1753 ¹

137 1824 232 1885 Ouidii
250 1825 381 1902 aequalis,
404 1820 467 1880 uide
479 1822 593 1880 Festum
609 1819 736 1878 Muelleri
754 1840 783 1897 p.
794 1820 861 1878 443.
892 1822 1007 1890 Quanto
1026 1832 1094 1881 unte
1108 1822 1232 1881 Verrium

136 1929 262 1998 tempore
282 1927 398 1995 uterque
417 1916 531 1984 uixerit,
552 1910 603 1972 uei
622 1914 662 1971 ita
687 1913 852 1991 apparebit,
869 1916 900 1981 ¹si
920 1934 982 1972 cum
1001 1916 1048 1973 ilio
1068 1916 1156 1975 Gellii
1175 1918 1233 1975 locu

135 2012 172 2071 de
197 2011 354 2069 snmooiemo
381 2004 525 2070 contuleris
550 2007 634 2065 alium
655 2011 702 2082 13,
723 2008 742 2063 6
768 2006 804 2064 de
822 2005 1008 2078 barbarismo,
1034 2010 1083 2067 ubi
1102 2010 1233 2069 Verrium

135 2104 249 2182 intelligi
267 2120 415 2181 cognosces
434 2118 469 2159 ex
483 2100 567 2159 Festo
586 2119 615 2177 p.
627 2106 656 2174 l,
667 2105 705 2157 12
723 2100 784 2160 Vrs.
822 2101 887 2158 Non
908 2104 1023 2160 muitum
1041 2105 1147 2179 obstat,
1167 2124 1234 2182 quo·
1267 2134 1273 2173 t

135 2201 225 2267 minus
238 2185 372 2267 Tuscum,
392 2196 440 2273 qui
459 2195 618 2252 nominatur
632 2213 649 2250 a
662 2194 770 2252 Seneca
789 2193 900 2253 rhetore
919 2194 1025 2254 suasor.
1056 2204 1087 2271 2,
1108 2216 1165 2255 nou
1185 2216 1235 2274 pro
1266 2226 1274 2271 ς,

135 2292 274 2366 historico,
290 2290 339 2348 sed
353 2299 468 2369 propter
481 2289 638 2348 historicum
655 2287 758 2344 dictum
773 2290 846 2345 male
861 2299 1038 2366 usurpatumr
1060 2289 1127 2347 nibil
1142 2292 1233 2367 plane,
1273 2283 1274 2287 ¹

126 2385 280 2461 'quominus
298 2384 422 2440 Tuscum
443 2381 537 2441 Ouidii
562 2380 683 2441 sodalem
705 2379 789 2440 Pont.
809 2384 839 2455 4,
861 2384 908 2455 16,
926 2387 966 2439 20
990 2403 1042 2461 pro
1062 2383 1114 2441 boc
1133 2384 1234 2443 Clodio
1268 2420 1274 2453 ς

135 2478 231 2534 Tusco
257 2474 416 2533 babeamus.
470 2476 527 2531 iam
554 2492 621 2533 uero
647 2476 841 2533 astronomiam
869 2475 904 2532 ad
929 2476 1121 2553 grammaticos
1147 2478 1234 2554 perti·
1269 2518 1274 2545 ·.

135 2570 227 2628 nuisse
252 2569 298 2626 uix
323 2575 383 2642 est,
408 2575 438 2625 ut
458 2566 578 2644 Nigidii,
605 2567 754 2643 Varronis,
782 2569 827 2626 uei
845 2569 1038 2643 Graecorum,
1065 2571 1112 2627 uei
1133 2572 1232 2649 Hygini
1267 2592 1271 2599 ·

134 2662 223 2735 istius,
242 2662 464 2738 quandocunque
485 2660 564 2734 uixit,
583 2660 711 2739 exemplo
730 2661 872 2720 doceatur.
912 2664 1035 2720 Amicum
1057 2680 1126 2721 uero
1145 2667 1232 2722 amico

134 2755 171 2816 de
189 2757 283 2829 rebus,
302 2772 371 2832 quas
389 2753 490 2812 rectius
509 2752 630 2823 calleret,
649 2753 747 2811 librum
767 2755 915 2814 inscribere
933 2756 1165 2834 ric-suppeditare
1182 2778 1232 2837 per

134 2869 165 2911 se
183 2856 400 2909 consentaneum
427 2854 486 2919 est,
510 2854 539 2905 et
562 2844 630 2904 fecit
642 2845 683 2903 =id
701 2847 866 2906 Parthenius
885 2848 1013 2908 Graecus
1039 2852 1232 2928 grammaticus

134 2955 163 3004 et
181 2952 267 3023 poeta
285 2940 369 3000 Gallo
388 2939 529 2998 Comeiin.
568 2939 649 2998 ilium
674 2940 758 3017 igitur
782 2941 880 2998 librum
900 2944 990 3002 Clodii
1015 2935 1186 3021 grammatici
1203 2947 1230 3003 in

134 3038 229 3098 Ouidii
246 3055 323 3117 spem
344 3035 449 3112 gratiae
467 3024 651 3113 coriscriptnm
669 3036 790 3112 putabo:
810 3036 850 3092 uti
869 3046 945 3095 certe
962 3037 1009 3096 ilio
1029 3036 1163 3096 Ouidium
1180 3058 1230 3117 po-

135 3134 218 3191 tuisse
238 3130 369 3209 temporis
384 3125 468 3202 ratio,
487 3138 516 3186 et
536 3146 614 3186 usum
634 3145 695 3185 esse
714 3144 758 3185 res
777 3127 836 3204 ipsa
854 3130 987 3205 coarguit.
1017 3132 1049 3188 in
1068 3150 1104 3189 ea
1123 3146 1154 3190 re
1172 3134 1232 3210 ipso

65 3286 70 3297 ,
134 3224 299 3302 exponenda
317 3220 443 3282 ordinem
461 3240 563 3300 sequar
580 3221 673 3296 huuc,
693 3231 724 3278 ut
743 3221 861 3297 primum
880 3232 983 3298 ponam
1003 3241 1051 3282 eos
1070 3224 1166 3300 locos,
1183 3225 1228 3303 qui

134 3316 280 3392 utrobique
298 3313 383 3393 plane
399 3324 465 3374 sunt
482 3316 599 3391 similes,
620 3316 679 3373 siue
697 3332 765 3372 nera
783 3316 944 3389 continent,
962 3316 1034 3388 siue,
1053 3320 1185 3394 quoniam
1200 3316 1227 3375 id

133 3427 185 3487 per
202 3408 339 3466 ideierum
357 3408 432 3481 licet,
449 3407 537 3484 salsa3
562 3408 663 3467 deinde
682 3424 715 3464 ea
723 3447 733 3477 ,
753 3425 826 3485 quae
838 3408 1012 3473 conueniunt
1029 3408 1104 3468 inter
1121 3420 1231 3470 uuum-

134 3519 208 3578 que,
239 3501 262 3557 si
286 3508 338 3562 aut
360 3498 478 3560 Ouidius
501 3503 601 3561 rectius
626 3501 804 3577 intelligitur,
838 3510 889 3559 aut
914 3499 1028 3558 Clodius
1053 3504 1234 3579 emendatur,

132 3595 329 3673 suppleturuer
348 3601 406 3651 tum
426 3610 499 3671 quae
517 3592 659 3653 discedere
675 3593 812 3652 uidentur.
827 3628 866 3675 ·‘.
884 3593 993 3650 initium
1010 3592 1170 3654 faciendum
1187 3602 1239 3655 ert

133 3688 168 3744 ab
187 3686 289 3745 infelici
307 3689 364 3764 aui,
383 3705 455 3765 quae
472 3687 571 3745 ideieri
584 3686 751 3763 diligentiam
764 3684 862 3763 effugit
879 3687 1018 3764 planeque
1032 3688 1070 3746 ab
1083 3707 1120 3748 eo
1132 3690 1233 3749 omium

133 3788 186 3855 est,
204 3782 302 3856 Miluo,
321 3786 351 3856 3,
365 3770 438 3867 793:
460 3790 490 3839 ut
511 3779 688 3838 nesciendum
706 3780 750 3849 sit,
769 3798 852 3857 quam
872 3781 952 3851 bene,
971 3798 1043 3857 quae
1063 3782 1183 3843 Ouidius
1198 3789 1232 3842 ei

128 3866 246 3933 'Clodius
271 3862 400 3950 babent,
417 3874 453 3931 od
481 3874 625 3933 ueritatem
651 3874 862 3932 astronomicam
889 3874 1055 3950 colliueeut,
1082 3890 1113 3935 et
1136 3887 1225 3938 nuum

132 3984 232 4042 mane,
257 3986 293 4025 un
314 3968 421 4046 uesperi
440 3968 553 4026 oriatur.
593 3964 745 4024 etcertum
763 3977 852 4041 esset,
872 3986 953 4026 mane
971 3986 1035 4027 eum
1054 3971 1141 4048 oriri,
1159 3988 1224 4051 quo·

131 4060 205 4119 niam
224 4059 274 4119 iiio
292 4066 368 4119 cotio
382 4061 456 4139 apud
473 4058 606 4119 Ouidium
623 4061 803 4137 posteriorem
818 4061 969 4136 Argeorum
988 4062 1062 4121 diem
1082 4065 1219 4142 significat,
1234 4068 1260 4131 τ’

131 4162 225 4229 posset
243 4154 356 4233 cogitari
375 4153 412 4212 de
432 4153 551 4213 diluculo
575 4150 709 4211 matutino
730 4169 756 4211 a.
775 4153 804 4211 d.
824 4152 877 4211 XV
895 4154 962 4212 Kal.
980 4155 1082 4233 April,
1105 4176 1164 4236 quo
1181 4154 1241 4231 dior
