2550 4574
13 215 18 224 '
125 230 208 278 xxiv
380 299 381 304 ἵ
514 232 634 279 sennen.
651 232 834 279 rvnrcrnnns

126 382 219 443 bendo
239 383 345 444 idoneis
364 390 439 443 recte
457 382 667 462 disputauimus,
686 384 830 444 Kalendas
848 401 944 443 ornnes
960 391 1010 442 aut
1028 381 1164 454 nefastos,
1183 393 1234 441 ant

125 475 217 555 prima
234 486 317 555 parte
334 476 455 537 nefastae
474 476 559 535 fuisse
578 488 700 555 oportet.
740 478 810 536 lllud
830 480 922 556 igitur,
941 475 1018 554 quod
1036 475 1102 534 Kal.
1122 475 1234 552 Apriles
1266 472 1272 489 '

124 570 155 629 iu
176 571 271 629 tabula
289 570 484 646 Praenestina,
510 571 604 629 Maiae
631 582 660 630 et
685 570 805 630 fortasse
829 572 924 629 luniso
949 573 978 628 in
1004 566 1057 628 cal.
1076 560 1239 642 Venufflof
1271 588 1274 595 ·

125 661 308 741 Septembres
323 665 352 722 in
366 656 551 739 Amiternina
567 665 741 724 Nouembres
757 666 785 722 in
797 666 930 724 Amitern.
944 673 973 723 et
985 664 1126 721 Antiatino
1140 660 1244 720 festas·

126 747 290 833 traductum
307 766 440 817 mustum
458 777 520 816 esse
539 749 560 817 a
571 761 686 818 Tiberio
706 777 819 819 necesse
838 769 890 818 est.
924 758 999 815 Num
1011 753 1161 814 Kalendae
1175 754 1235 813 Fe·

125 849 271 926 mariae,
290 851 385 909 Iuniae
404 861 433 909 et
451 851 618 911 Decembres
639 863 721 928 tunc,
748 871 811 910 cum
831 852 885 911 boo
903 853 1002 926 fieret,
1021 849 1149 908 nefastae
1163 846 1236 906 fue-

126 941 194 1017 rint,
213 961 271 1001 uon
286 952 380 1022 potest
399 947 541 1022 cognosci:
561 947 668 1024 primae
683 946 711 1003 in
724 945 865 1004 Maffeana
885 954 992 1004 tantum
1011 943 1107 1003 tabula
1121 950 1233 1023 extant:

125 1036 278 1112 mundae,
297 1055 367 1115 quas
386 1037 452 1114 dixi,
472 1040 499 1098 in
521 1041 574 1101 cal.
592 1040 698 1098 Venus.
719 1039 823 1096 nullam
842 1049 937 1097 notam
956 1039 1092 1116 ascriptae
1111 1036 1234 1110 babout;

114 1120 239 1189 minime
257 1131 329 1189 enirn
349 1141 427 1191 certa
446 1141 488 1190 est
508 1130 607 1191 Orellii
626 1132 783 1190 emendatio
803 1151 833 1209 p.
843 1134 919 1207 412,
937 1150 989 1191 nec
1008 1130 1112 1208 an'uli
1132 1134 1235 1186 aucto-

125 1219 211 1280 ritate
230 1224 342 1282 nititurr
361 1226 525 1284 nouissimos
543 1226 571 1282 in
591 1226 687 1284 tabula
701 1226 872 1284 Amiternina
887 1227 945 1283 aeri
962 1226 1047 1283 incisa
1062 1220 1139 1301 apud
1155 1221 1234 1297 Fog·

126 1312 233 1391 giarium
251 1316 378 1378 nefastae
396 1328 480 1390 sunt,
506 1321 535 1376 in
554 1320 628 1397 typis
647 1320 787 1397 descripta
805 1320 907 1377 ibidem
925 1339 955 1397 p.
969 1322 1025 1376 116
1042 1317 1093 1375 NP
1114 1315 1235 1393 apponi·

30 1465 32 1470 ,
126 1411 185 1483 tur,
204 1425 258 1467 uec
277 1413 423 1491 quicquam
442 1422 601 1472 annotatur.
639 1414 746 1472 Verum
764 1413 811 1470 fae
829 1413 919 1471 nullas
938 1431 973 1471 ex
993 1412 1037 1469 his
1056 1408 1165 1466 Tiberii
1183 1424 1235 1466 aa·

126 1504 186 1558 tate
205 1501 329 1564 nefastae
348 1514 422 1565 totas
440 1505 535 1580 fuisse,
556 1526 606 1565 cnr
621 1509 707 1566 lullae
721 1515 751 1566 et
768 1504 907 1566 Octobres
926 1504 1051 1564 nefastae
1069 1502 1233 1570 manserint,

127 1590 226 1652 uideor
239 1596 305 1659 milri
323 1598 486 1677 indagasse:
507 1611 624 1681 propter
636 1604 731 1660 messis
750 1610 779 1661 et
798 1601 954 1659 uindemiae
967 1597 1063 1659 ferias.
1098 1597 1144 1655 De
1161 1614 1235 1654 mes-

126 1684 165 1743 sis
186 1685 263 1748 feriis
282 1691 360 1767 locis,
380 1711 451 1769 quos
469 1695 520 1753 leti
538 1697 604 1754 mibi
623 1696 828 1770 indicauerunt,
847 1694 922 1752 Plin.
940 1712 1008 1771 epp.
1026 1696 1057 1767 8,
1075 1696 1132 1749 212
1158 1690 1235 1750 lulio

126 1794 236 1856 mre,
261 1801 314 1860 qsso
332 1790 455 1846 morirer
473 1789 536 1848 lites
553 1791 781 1867 interquiasmml,
807 1788 882 1849 Stat.
901 1787 964 1846 silu.
981 1786 1011 1856 4,
1029 1789 1060 1860 4,
1078 1786 1135 1860 39,
1159 1783 1234 1842 addo

106 1911 109 1915 .
127 1871 204 1933 Gell.
222 1876 316 1951 9,1u.
353 1879 397 1937 De
417 1881 627 1941 uindemialibus
646 1885 825 1941 memineram
844 1881 996 1938 Minucium
1015 1877 1137 1936 Felicem
1156 1878 1235 1935 initio

127 1965 171 2024 sui
189 1967 252 2027 libri
270 1972 438 2032 mentionem
456 1976 584 2051 iniicere,
602 1987 631 2035 et
650 1976 760 2035 uidetur
779 1975 854 2034 Gell.
869 1979 919 2049 20,
933 1977 963 2031 8.
1002 1970 1119 2031 Octobri
1137 1988 1236 2029 mense

126 2059 295 2122 uindemiam
314 2065 398 2125 fuisse
417 2069 603 2128 calendarium
622 2071 773 2144 rusticum,
793 2067 869 2146 quod
890 2076 1016 2139 uocatur,
1036 2064 1129 2124 docet.
1162 2065 1235 2124 Vtut

128 2162 190 2231 est,
215 2155 490 2240 Kalendasaliquot
508 2165 582 2222 actui
607 2183 700 2222 rerum
720 2161 943 2221 accommodasse
963 2159 1073 2217 uidetur
1091 2159 1234 2233 Tiberius,
1270 2214 1274 2219 .

127 2245 164 2307 de
183 2269 239 2327 quo
258 2253 313 2311 Dio
332 2255 382 2328 08,
400 2260 455 2313 21:
476 2246 525 2314 ὅτι
545 2250 619 2326 τοὺς
637 2253 753 2332 νόμους
774 2249 846 2324 τοὺς
866 2251 934 2331 περὶ
953 2255 1015 2313 τῶν
1034 2247 1234 2325 συμβολαίων

126 2330 187 2399 ἀπὸ
208 2343 263 2402 τοῦ
278 2341 440 2423 Καίσαρος
460 2347 617 2426 τεθέντας,
634 2336 722 2421 ἐξῶν
741 2345 792 2408 καὶ
813 2342 920 2419 clareto
933 2344 984 2406 καὶ
999 2340 1120 2422 ταραχὴ
1133 2343 1233 2424 πολλὴ

127 2429 320 2513 γενήσεσθαι,
334 2432 468 2516 ἔμελλεν,
488 2435 687 2521 ἀνενεώσατο,
709 2456 737 2504 et
756 2447 841 2524 paulo
860 2454 939 2523 post:
960 2438 994 2502 cd
1014 2436 1096 2501 κοντοὶ
1114 2433 1153 2499 vd
1173 2439 1233 2499 dot-

128 2523 279 2610 νείσματα
292 2528 479 2609 ἐμετρίασεν,
494 2555 530 2595 ex
543 2559 599 2616 quo
612 2539 773 2616 intelligitur
787 2529 975 2596 ἀνενεώσατο
991 2554 1139 2614 perperam
1150 2536 1235 2613 uulgo

128 2622 209 2681 reddi
227 2617 390 2686 reducturus
407 2637 477 2700 erut,
497 2650 549 2708 pro
562 2632 722 2696 reduceret.
753 2634 876 2690 Aonistus
895 2629 1161 2710 plusquamperfecti
1181 2632 1235 2687 nim

128 2713 231 2792 babet,
252 2721 293 2778 uti
311 2712 448 2792 ἀπέδειξε
465 2724 538 2782 Xen.
559 2727 648 2784 Λατώ.
670 2732 699 2801 l,
719 2733 747 2800 1,
762 2732 792 2800 2,
812 2727 863 2783 cfr.
884 2724 1016 2799 Thucyd.
1038 2728 1138 2800 1,102
1159 2723 1236 2801 apud

129 2809 232 2870 Mattb.
252 2815 281 2884 §.
291 2816 361 2889 497,
379 2828 456 2892 not.;
476 2807 600 2892 ἔμελλεν
618 2820 684 2878 inde
700 2820 887 2896 suspenditur.
915 2819 988 2874 lstae
1002 2817 1128 2874 Caesaris
1148 2818 1236 2893 leges,

130 2901 284 2983 dequibus
303 2908 369 2967 uide
387 2910 509 2989 interpp.
528 2913 564 2969 ad
584 2913 666 2970 Dion.
686 2916 736 2988 41,
753 2918 791 2971 37
811 2913 875 2970 coll.
895 2911 987 2969 Dione
1006 2912 1055 2983 42,
1076 2914 1114 2966 22
1133 2920 1165 2967 et
1183 2915 1237 2985 ³²3

129 2997 190 3059 Cic.
210 2998 247 3058 ad
265 3000 352 3060 famil.
371 3005 401 3077 9,
424 3008 462 3061 16
476 3015 505 3062 et
521 3008 573 3080 183
600 3011 648 3080 11,
663 3009 715 3078 28,
735 3003 848 3081 quando
870 3004 992 3060 exerceri
1011 3001 1160 3079 desierint,.
1181 3005 1237 3063 Dio

46 3084 49 3091 ’
129 3091 180 3167 51,
195 3099 245 3168 21,
267 3095 347 3155 Suet.
364 3095 430 3156 Oct.
450 3099 485 3154 41
507 3098 620 3158 docent.
659 3100 722 3156 Hoc
739 3098 848 3174 ignoro,
869 3104 961 3152 utrum
981 3096 1110 3155 Tiberius
1128 3097 1239 3157 Kalen·

28 3202 31 3222 ¹
130 3183 182 3242 das
200 3185 287 3247 iastas
305 3209 367 3250 esse
385 3193 495 3251 iusserit
508 3200 625 3270 propter
639 3191 785 3249 adauctam
801 3207 853 3266 per
868 3189 930 3247 illas
950 3191 1032 3248 etiam
1051 3191 1127 3264 leges
1147 3191 1238 3251 litium

130 3276 315 3356 frequentiam
323 3270 338 3358 ,’
360 3286 465 3344 leniore
491 3305 558 3343 usus
583 3284 725 3358 remedio,
752 3300 835 3359 quam
863 3282 979 3358 posthac
998 3281 1151 3358 Claudius,
1178 3286 1237 3346 uid.

130 3371 216 3432 Dion.
234 3376 284 3449 60,
305 3380 354 3449 17,
380 3379 444 3454 quia
469 3379 505 3437 de
523 3379 658 3438 Kalendis
682 3379 746 3436 olim
770 3375 850 3434 fastis
874 3378 966 3434 nescio
986 3376 1054 3452 quid
1072 3378 1184 3436 subolet
1200 3398 1240 3439 ex

131 3466 209 3526 Gell.
230 3474 278 3542 12,
300 3473 350 3543 13,
372 3487 408 3526 an
427 3470 456 3526 id
474 3471 589 3546 fecerit,
614 3481 646 3530 ut
669 3473 702 3530 iis
721 3471 836 3544 diebus,
861 3470 1027 3527 solemnibus
1049 3468 1107 3528 'iarn
1128 3472 1240 3549 pridem

131 3561 172 3618 rei
191 3560 346 3621 fenerarios
363 3582 426 3621 cum
444 3563 555 3638 idibus,
580 3563 639 3622 uid.
653 3564 743 3623 Orell.
759 3563 795 3622 ad
808 3565 877 3622 Hor.
892 3563 974 3640 epod.
989 3568 1027 3637 2,
1047 3565 1093 3621 uel
1112 3564 1240 3627 Brissou.

132 3652 169 3712 de
187 3653 313 3713 formulis
331 3656 379 3715 lib.
390 3659 421 3732 6,
441 3676 469 3734 p.
480 3658 549 3731 540,
568 3658 690 3715 actiones
708 3658 858 3734 legitimae,
877 3657 902 3713 si
921 3674 994 3732 qnae
1008 3657 1110 3715 exiliis
1129 3657 1242 3736 legibus

16 3812 22 3825 .
131 3748 199 3826 ipsis
219 3759 408 3825 nascerentur,
426 3751 535 3808 fierent.
567 3750 659 3825 Pergo
678 3751 706 3807 in
725 3751 955 3828 interpolatorum
970 3749 1052 3828 nugis*
1070 3751 1243 3811 conuincen·

133 3841 188 3903 dis.
233 3842 369 3902 Postridie
393 3842 461 3901 Kal.
487 3843 574 3921 April.
600 3843 766 3901 comitialem
792 3842 964 3901 uolueruntc'
988 3843 1147 3920 perincerta
1171 3862 1243 3903 oon·

132 3935 250 4010 iectura,
269 3937 353 3995 immo
371 3936 454 4012 falsa,
473 3955 538 3995 nam
565 3934 662 3994 tabula
680 3936 861 3995 Praenestina
878 3936 980 3994 fastum
1000 3936 1094 3994 habet.
1133 3933 1244 3996 Postri-

133 4028 180 4087 die
202 4029 269 4096 Ksl.
296 4031 366 4089 Mai.
391 4031 516 4089 scribunt
541 4030 592 4087 BF
613 4027 730 4088 COMP.
750 4029 886 4087 Litteram
911 4029 936 4086 F
964 4029 1179 4107 desumpserunt
1205 4050 1245 4092 ex

132 4122 292 4203 fragmento
306 4125 461 4199 Venusino,
480 4123 558 4204 quod
576 4124 687 4183 nouisse
704 4131 864 4201 potuerunt.
902 4121 1071 4202 Compitalia
1087 4123 1246 4203 Fogginins
