2550 4574
494 246 581 294 ovas
601 247 748 293 securus
1047 248 1170 303 onam

266 400 316 459 Sic
332 398 462 475 Asparata
480 415 583 459 nocem
600 397 679 458 Iulio
698 415 798 461 sunau
816 401 877 458 orit.

63 492 144 551 Nam
162 490 243 571 quod
267 491 367 550 dieitur
391 490 496 549 lactum
516 490 629 569 quidem
656 511 712 550 nou
737 501 780 551 est
796 501 862 550 ante
882 491 990 551 Claudii
1008 495 1083 575 imp.
1095 506 1165 559 tem-

65 604 150 664 pora,
169 584 224 642 Dio
243 583 337 659 58,2;
357 585 407 659 60,
421 584 452 652 d,
471 585 612 660 Augustae
631 584 723 644 luliae·
735 604 803 644 uero
824 603 925 644 nomen
944 605 980 645 ex
1000 574 1165 649 testamento

63 678 183 754 Augusti
208 676 320 763 demum
343 677 478 751 inuoluit,
504 676 561 735 uid.
581 677 680 738 Vellei.
699 687 731 755 2,
743 681 793 755 75,
812 680 884 738 Tae.
904 698 969 738 ann.
990 686 1019 755 1,
1033 683 1064 759 8,
1083 680 1162 743 Suet.

64 772 136 832 Oet.
145 774 212 829 107.
242 770 343 848 Neque
358 787 472 830 ueoesae
489 771 542 828 erit
563 783 592 829 ιι.
606 770 663 831 53³
682 790 716 832 eo
735 782 862 850 ternpore
880 772 941 850 ipso
959 773 1093 851 scriptum
1111 794 1164 852 pu-

66 875 140 942 tare,
157 883 215 944 quo
225 863 356 923 Tiberius
374 880 491 923 reuera
510 863 674 923 damnauit
689 866 887 945 principatum,
905 865 959 925 Dio
973 865 1022 942 57,
1036 869 1066 927 7.
1094 868 1164 939 Vere

64 961 145 1019 sibus
159 961 323 1025 llll-:222
341 956 424 1016 lanua
437 958 568 1035 temporis
583 958 638 1016 acti
655 957 785 1037 laudator
802 959 941 1017 inducitur
954 969 1103 1039 tueturque
1116 979 1164 1035 eas

64 1061 163 1132 partes
189 1050 334 1110 commode
358 1059 388 1109 et
413 1050 554 1128 grauiter,
582 1052 634 1110 nisi
659 1051 735 1129 quod
754 1072 782 1111 ιι.
794 1058 853 1109 222
872 1053 956 1131 paulo
976 1054 1092 1113 ieiunior
1110 1063 1162 1116 est.

63 1145 128 1206 Sed
145 1144 258 1203 dubiem
276 1143 343 1202 milui
365 1144 415 1202 uix
432 1151 493 1218 est,
518 1145 583 1222 quin
604 1165 652 1203 uo.
665 1149 828 1203 223-226
853 1165 916 1205 cum
939 1147 986 1207 illa
1004 1148 1163 1227 insperatis·

64 1240 135 1299 a'uua
153 1237 291 1296 dausuba
316 1241 386 1297 Mea
408 1244 500 1296 tomen
520 1245 563 1296 eat
581 1257 666 1315 oeque
684 1237 784 1315 ἅὸριιιιι
801 1247 912 1317 uterque
931 1228 983 1300 ooli
1005 1240 1090 1300 additi
1108 1242 1163 1301 siut

63 1341 267 1413 posteaquam
285 1350 331 1390 rea
348 1340 428 1409 gesta
446 1341 500 1407 est,
520 1350 594 1409 quae
611 1332 649 1391 ad
668 1334 786 1411 priscam
804 1333 879 1391 illam
898 1332 943 1391 dei
961 1334 1163 1412 simplicitatem
1263 1400 1266 1407 ¹

63 1444 123 1500 aaa
140 1425 246 1502 optime
264 1424 457 1482 conueniebat.
496 1423 646 1483 Probabile
664 1434 707 1484 est
724 1423 856 1484 Ouidium
876 1445 937 1483 cum
959 1429 1077 1504 primum
1098 1446 1161 1487 uer·

61 1536 126 1579 utu
141 1518 201 1575 257
218 1518 362 1593 scriberet,
381 1536 466 1576 unum
485 1526 595 1576 tantum
618 1518 677 1577 lani
695 1520 840 1595 sacellum,
858 1519 918 1577 siue
936 1520 1069 1598 templum
1089 1520 1161 1579 inter

62 1611 123 1671 dno
143 1609 209 1669 fura
227 1611 338 1669 conisae
360 1621 390 1669 et
413 1630 443 1669 ιι.
453 1613 512 1669 277
536 1611 573 1671 ad
601 1610 654 1670 hoo
676 1613 803 1672 retulisse
829 1621 952 1673 ueterem
977 1616 1059 1671 ritum
1085 1612 1161 1673 clau·

62 1703 149 1764 deod
165 1712 197 1761 et
214 1700 378 1782 aperiendi,
403 1713 487 1781 prout
505 1705 607 1781 etiam,
626 1705 711 1783 paulo
730 1704 810 1763 aliter
827 1704 963 1782 famame,
985 1705 1052 1765 fecit
1069 1706 1160 1767 Varro
1217 1736 1237 1761 ι

58 1797 100 1858 da
117 1798 139 1858 1.
157 1795 179 1856 l.
198 1797 229 1873 b,
244 1799 310 1855 16⁵.
349 1797 450 1855 Mirum
473 1798 547 1856 loret
570 1796 609 1856 de
630 1816 720 1876 paruo
740 1797 841 1858 ιιιιι11ιι
859 1801 972 1878 copiose
995 1800 1111 1878 exponi,
1133 1798 1159 1859 si

10 1960 13 1967 Ι
58 1891 181 1951 alteram
199 1890 335 1968 templum
354 1889 545 1969 superfuisset,
564 1891 601 1950 de
616 1893 679 1968 quo
693 1891 788 1950 Liuius
804 1897 830 1964 1,
845 1894 898 1950 19:
917 1897 1020 1953 lunum
1037 1891 1076 1953 ud
1093 1889 1160 1966 itall-

20 2050 29 2056 ,
58 2003 140 2044 m
155 1983 311 2060 Arpileluut
328 1983 444 2043 udam
468 1987 548 2063 pocla
572 1983 685 2062 bellique
707 1984 783 2059 feeit.
821 1985 932 2045 Nomen
959 1985 1040 2045 huius
1064 1986 1159 2063 templi

10 2101 12 2107 ’
61 2089 93 2139 et
116 2078 209 2137 Ιοαιιιι
234 2087 331 2136 notum
357 2078 443 2136 luisse
468 2069 551 2137 docet
576 2089 661 2157 poeta
679 2084 710 2154 2,
723 2083 792 2154 201,
813 2081 862 2137 ubi
878 2080 1058 2138 Carmentalis
1076 2090 1159 2157 porta

58 2174 192 2254 prosim
209 2175 285 2232 loun
309 2171 418 2230 dicitur.
456 2171 561 2230 Verum
580 2188 644 2239 cum
662 2172 745 2231 huius
768 2181 867 2250 portae
892 2173 949 2231 duo
967 2175 1035 2232 loni
1056 2170 1158 2229 luerirt

60 2276 134 2328 teste
151 2265 233 2324 Liuio
251 2271 283 2339 2,
300 2267 351 2338 49,
376 2263 427 2323 cfr.
447 2282 532 2342 supra
551 2283 580 2340 p.
596 2281 716 2339 exarz,
739 2266 764 2322 si
788 2264 963 2322 simulacrum
987 2265 1033 2323 dei
1057 2265 1156 2323 fuisset

59 2360 110 2420 ille
128 2360 158 2419 iu
175 2360 250 2433 loco,
268 2356 409 2436 quomodo
428 2356 481 2414 dici
500 2357 592 2435 potuit
606 2362 635 2432 l,
649 2359 706 2416 257
724 2365 853 2417 secretus
865 2360 896 2416 in
909 2353 1072 2416 onustare?
1090 2352 1157 2415 nam

59 2460 209 2523 mmsos,
234 2460 266 2511 ut
283 2461 352 2527 puto
361 2491 371 2523 ,
389 2468 447 2508 uon
466 2452 517 2508 nisi
535 2452 563 2507 in
585 2450 689 2508 sacello
708 2468 797 2528 prope
815 2451 948 2511 fornicem
965 2454 1070 2510 stabat:
1096 2451 1158 2528 ipse

59 2566 133 2629 paee
151 2547 235 2621 latet‚>
250 2565 279 2604 ιι.
293 2546 361 2618 277,
379 2545 459 2603 tectis
476 2543 536 2601 Pax
553 2543 685 2601 omittitur
704 2561 733 2600 u.
746 2548 811 2604 121.
840 2545 948 2604 Deinde
959 2545 1075 2603 Tacitae
1090 2560 1155 2602 ann.

58 2647 91 2714 2,
101 2644 141 2699 dt)
153 2658 228 2699 anno
241 2638 277 2697 V.
288 2638 324 2696 C.
335 2639 394 2696 770
412 2637 481 2696 baec
499 2636 574 2696 facta
592 2646 702 2695 namot:
719 2637 822 2697 ludam
834 2638 998 2716 temporibus
1012 2637 1091 2696 deum
1106 2655 1171 2697 oen

58 2735 110 2795 dea
125 2739 264 2792 mtartnts
280 2737 331 2790 out
348 2733 407 2806 ipsi
424 2729 543 2790 abolitos
560 2739 722 2806 coepicopus
740 2730 775 2789 ob
789 2733 916 2808 Arcpeato
935 2731 1072 2791 dedicauit
1089 2729 1174 2819 (Τί-ι

58 2824 180 2902 bein),
198 2825 300 2886 tabeo
312 2823 480 2901 Liberaeque
498 2831 525 2882 et
545 2825 636 2884 Cereri
653 2828 735 2884 tuoto
753 2828 854 2884 circum
872 2829 1025 2884 monimum
1036 2856 1088 2892 -‚
1107 2841 1156 2880 oo.-

58 2920 221 2997 dmoueie
239 2917 298 2978 loco
317 2917 411 2986 uedeo
431 2916 533 2976 Florus
550 2951 605 2987 -‚
625 2923 652 2975 el
669 2922 743 2977 letto
761 2918 905 2996 templum,
925 2917 997 2994 quod
1014 2916 1090 2994 opud
1107 2915 1156 2988 so-

58 3031 124 3076 m
147 3013 288 3072 olitorium
314 3014 346 3073 0.
371 3011 497 3071 Duillius
521 3018 674 3072 ιιιιιιιιιιι.
718 3011 763 3069 De
789 3011 843 3069 hoc
868 3014 930 3070 loco
955 3013 982 3068 in
1009 3009 1156 3067 certiorem

61 3115 286 3183 argumentorum
306 3107 422 3183 penuria
440 3105 481 3162 ita
507 3123 625 3179 censeo,
651 3103 875 3181 quandoquidem
895 3103 1003 3161 Cereris
1022 3101 1157 3180 templum

59 3200 232 3279 supesiuerit
250 3218 324 3258 anno
344 3199 379 3258 V.
400 3199 435 3259 C.
454 3199 512 3256 747
537 3206 608 3256 teste
625 3197 760 3272 Dionysio
780 3197 843 3255 Hal.
861 3200 891 3270 6,
904 3201 955 3272 94,
977 3194 1155 3254 uerosimilius

57 3313 123 3355 esee
141 3295 197 3352 noe
215 3295 292 3371 igne,
309 3309 395 3369 quam
415 3299 552 3350 uetustate
570 3291 712 3359 abolitum,
731 3287 850 3347 eundem
868 3302 961 3350 autem
979 3292 1070 3366 iguem
1087 3306 1154 3365 pro·

56 3388 164 3448 simam
175 3386 279 3444 Florae
296 3384 395 3442 aedem
410 3385 555 3442 absumere
568 3384 702 3461 potuisse,
721 3382 781 3440 lani
798 3401 865 3462 ergo
884 3384 1017 3462 templum
1036 3382 1155 3440 sortasse

57 3480 150 3543 colum
170 3488 310 3559 uetustate
336 3479 490 3555 collapsum
513 3494 584 3535 esse.
622 3474 839 3553 Concedeudnm
862 3484 937 3534 certe
960 3485 1002 3533 est
1021 3474 1156 3534 Ouidium

58 3556 195 3633 salbans
207 3573 245 3630 ob
257 3588 381 3645 cauam,
400 3571 446 3629 uel
465 3571 528 3648 quia
547 3570 647 3628 lentius
665 3570 848 3626 instauratum
866 3577 918 3644 est,
937 3569 1155 3646 praetermittere

57 3667 125 3727 olim
144 3665 277 3744 potuisse.
315 3663 388 3722 lllud
411 3683 481 3722 uero
505 3663 541 3720 de
561 3681 645 3721 oureo
663 3662 764 3738 touoplo
783 3681 813 3720 u.
823 3667 881 3720 223
903 3663 1058 3738 appositum
1077 3669 1154 3737 post·
1186 3709 1189 3717 .

57 3759 114 3821 bae
133 3759 208 3817 eirca
226 3766 337 3836 tempus
355 3757 532 3815 dedicationis
551 3757 738 3831 Tiberianae,
761 3774 829 3830 uec,
852 3767 883 3813 ut
902 3753 975 3829 dixi,
998 3753 1153 3831 aptissimae

57 3851 155 3913 incidit
179 3869 214 3910 oa
239 3849 376 3908 dedicatio
398 3850 426 3907 in
445 3849 498 3907 XV
512 3848 561 3906 Kl’
581 3847 659 3907 Nou.
680 3848 832 3908 seeundum
856 3848 942 3906 fastos
961 3846 1153 3904 Amiterninus.

56 3949 182 4010 Aureum
207 3955 276 4002 tuno
300 3943 434 4020 templum
461 3942 565 3998 lactum
589 3959 650 4000 esse
666 3943 775 4023 nescio,
800 3959 837 4000 nn
861 3941 961 4019 probet
979 3940 1059 3996 Plinii
1077 3938 1155 3996 locus

57 4048 119 4098 nat.
140 4038 204 4097 bist.
225 4040 273 4113 26,
288 4038 317 4108 4,
331 4039 361 4110 8,
387 4037 427 4092 i-ta
450 4035 699 4113 interpungendus:
732 4039 797 4094 itaut
820 4039 910 4093 Inous
940 4039 1021 4110 poter
1046 4033 1077 4088 is
1100 4047 1154 4086 auo

60 4131 162 4210 saepto
180 4130 308 4208 ductus,
327 4128 362 4190 ob
381 4128 510 4206 soporo
526 4145 562 4194 uu
580 4129 705 4209 Aepppto
723 4127 868 4198 aduectus,
892 4127 970 4185 ouius
987 4140 1091 4184 sunaus
1107 4124 1155 4195 all,
