2550 4574
48 234 52 243 Ι
152 261 220 333 249
468 333 470 339 ,
581 265 823 326 uteuoev'tt

61 426 64 431 ’
192 431 331 517 Quorum
351 429 381 497 si
399 427 510 496 mediis
529 430 671 495 Boeoton
690 427 805 494 Oriona
827 446 972 512 quaeres,

234 535 352 600 Falsus
371 535 442 599 eris
469 533 553 618 signi
573 552 672 598 coust
691 529 834 597 canende
853 531 935 596 mihi.
991 558 994 563 ·

193 639 331 721 iuppiter
350 645 384 701 et
401 637 467 701 iate
490 633 543 719 qui
563 642 677 719 regnet
697 635 730 698 in
752 641 888 717 toquere
908 635 1008 699 irater
1191 635 1240 696 495

236 739 415 822 Carpebant
435 740 540 802 socios
561 738 797 821 Mercuriusque
817 737 896 799 nius.

110 885 122 903 .
193 846 333 925 'tempos
349 848 428 923 eret,·
447 857 510 922 quo
531 852 624 903 norst
644 838 720 923 iugo
741 838 1051 920 commutaremus,
1103 838 1106 843 ⁴

235 947 279 1011 lit
298 960 414 1027 pronus
433 950 561 1006 seturue
581 942 632 1005 luc
652 939 730 1005 bibit
750 960 854 1025 ugnus
874 939 953 1003 ouis

191 1047 288 1112 Forte
308 1063 410 1109 senex
429 1043 577 1129 Hyrieus,
597 1045 726 1127 angusti
749 1045 849 1109 cultor
864 1039 975 1126 egeni,
1269 1120 1271 1135 Ι

233 1149 304 1212 Hos
322 1145 419 1230 uidet,
440 1145 589 1231 exiguom
609 1147 716 1212 stobet
736 1153 773 1209 ut
792 1152 868 1207 onte
888 1162 1005 1209 cusum
1190 1149 1237 1208 ⁵00
1269 1138 1271 1181 ¹

192 1235 298 1334 Atque
313 1250 367 1330 ite,
388 1248 483 1332 longe
497 1250 550 1314 nit
569 1260 629 1333 est,
650 1267 712 1313 nec
732 1257 873 1331 temporo
891 1247 989 1333 longe
1003 1256 1188 1332 supersunt,
1269 1238 1271 1255 '

232 1352 331 1433 Dixit,
350 1359 383 1414 et
403 1349 579 1432 hospitibus
597 1353 690 1416 ienno
710 1360 817 1415 nostre
836 1358 933 1431 potet.

191 1451 320 1519 Addidit
340 1463 374 1517 et
394 1454 509 1519 uoltum
529 1455 643 1537 uerbis,
664 1451 838 1536 itemmque
859 1448 992 1536 rogtuit.

231 1559 348 1623 Perent
366 1555 537 1639 pmmissis,
556 1554 815 1638 dissimulantque
835 1553 923 1618 deos

189 1662 293 1725 'reete
312 1657 400 1724 senis
419 1657 556 1722 subeunt
575 1659 665 1743 nigro
686 1658 839 1732 deformis¹
854 1657 953 1722 firmo:
1184 1662 1230 1721 505

227 1761 316 1847 ignis
334 1759 368 1825 in
389 1759 538 1825 hesterno
561 1758 670 1843 stipite
690 1778 808 1843 paruus
828 1767 905 1823 eret

187 1864 261 1949 ipse
282 1882 368 1949 genn
387 1863 480 1927 nixus
500 1862 639 1925 dommus
659 1862 838 1926 exsuscitet
858 1878 942 1943 eure,

230 1964 274 2030 Et
299 1965 412 2048 promit
438 1982 572 2048 quassus
598 1965 839 2047 comminuitque
860 1964 959 2028 foces.

187 2064 291 2133 Sicut-
302 2067 428 2134 oebees.
457 2067 555 2133 minor
573 2067 646 2131 inde
666 2067 767 2151 iubos,
788 2068 857 2131 olus
877 2067 956 2131 ulter
976 2066 1130 2151 bebebet,

183 2252 251 2311 499.
271 2252 399 2322 Quorum
418 2249 460 2315 Φ.
490 2253 558 2312 siin
577 2251 673 2310 mediis
691 2257 747 2312 Er.
776 2250 937 2310 simedium
953 2253 1121 2311 Docmcr.
1148 2251 1223 2309 sine·
1267 2234 1271 2292 i

148 2327 195 2386 dio
214 2331 255 2386 Ν.
285 2330 309 2386 si
327 2331 418 2388 medio
435 2337 501 2389 bos.
534 2330 633 2388 benten
654 2330 749 2387 oriona
767 2324 805 2388 Γ.
835 2329 946 2387 beetum
965 2330 1066 2386 orione
1086 2322 1223 2387 neubi

145 2402 193 2477 fr.
221 2405 333 2462 boetnrn
352 2408 468 2464 orientia
486 2406 513 2463 b.
550 2408 658 2464 boetem
678 2424 719 2464 or.
737 2422 766 2481 p.
804 2405 934 2463 boeotum
952 2422 995 2463 or.
1018 2398 1225 2463 MoPnAt
1267 2410 1271 2445 ¹

146 2486 485 2555 mpsmo.eeo.2022³3
499 2484 616 2557 tripioto
632 2481 691 2540 ciii.
721 2499 839 2559 quaeres
857 2485 980 2557 Dpeeoe.
1010 2482 1110 2539 odona
1129 2479 1224 2560 requiri
1268 2485 1271 2521 ¹

149 2556 187 2613 θ.
221 2557 330 2632 quoeris
353 2559 624 2635 OTemuqopcps
641 2576 748 2617 onom.
832 2559 898 2615 494.
922 2557 997 2615 Folo.
1018 2567 1081 2615 eret
1099 2572 1224 2633 comp·

145 2648 230 2689 auen
248 2629 374 2690 docende
397 2634 432 2692 G.
463 2652 544 2690 consa
566 2635 689 2691 cauenda
709 2634 735 2694 b.
764 2652 847 2692 causa
866 2632 990 2691 souends
1007 2633 1134 2692 umori.
1160 2630 1223 2691 midi
1268 2638 1271 2675 ¹

145 2710 214 2769 DE.
242 2718 285 2766 est
303 2710 334 2766 io
347 2706 480 2782 pioeodd.
497 2705 851 2788 θΕΓΛΟΠΨΔΤὺρ
868 2708 1114 2787 quatuordecima
1126 2706 1224 2769 cettei.

183 2784 251 2843 495.
270 2784 373 2862 iupiter
391 2789 427 2844 Ε.
461 2786 541 2863 iupp.
562 2788 636 2844 eluto
655 2789 703 2864 qui
721 2805 746 2845 e.
822 2789 888 2845 496.
908 2786 997 2843 socios
1017 2790 1055 2845 Ε.
1088 2788 1174 2865 Corp.
1189 2802 1223 2843 so·
1268 2792 1271 2826 Ι

143 2856 207 2919 litos
227 2862 273 2918 14.
349 2864 416 2920 497.
436 2862 500 2938 iugo
518 2864 656 2921 rerinutur
673 2863 715 2923 ed.
732 2867 798 2922 Vero.
826 2863 982 2921 reserentur
998 2864 1036 2920 P.
1116 2860 1224 2922 tecit
1269 2867 1271 2903 ¹

142 2945 289 3015 promptus
303 2940 343 2996 N.
372 2938 411 2996 Et
428 2940 553 3016 protinus
566 2939 606 2997 ed.
621 2943 687 2998 Vero.
714 2940 752 2998 Et
766 2958 883 3017 pronum
897 2943 1021 2997 meo.
1029 2957 1074 3018 pr.
1102 2932 1222 2998 setirei'.
1269 2975 1271 3008 ;

142 3031 226 3090 prou.
245 3013 355 3072 counire
370 3013 452 3073 boto.
460 3033 504 3092 pr.
582 3019 648 3073 499.
669 3021 728 3088 Ito,
748 3015 868 3091 byrieus,
887 3019 935 3074 30.
963 3015 1057 3074 bireus
1072 3019 1145 3075 ΒΕ.
1170 3016 1223 3092 bp-
1270 3020 1271 3055 ³

142 3107 207 3147 reus
226 3093 272 3148 M.
302 3089 402 3150 benene
420 3095 455 3148 Ρ.
485 3092 587 3150 birteus
607 3096 643 3150 Ζ.
672 3093 784 3167 byrteus
803 3109 831 3148 m
844 3099 908 3148 boe.
936 3090 1012 3148 bime
1030 3110 1117 3151 omos.
1151 3091 1221 3149 bue·

142 3164 203 3224 edd.
221 3169 287 3224 Veo.
303 3169 363 3226 Vic.
396 3169 488 3225 oriens
501 3168 567 3227 Aid.
598 3172 660 3227 rim.
693 3169 793 3243 hyrene
813 3169 920 3226 coeteri.
995 3168 1065 3226 boi.
1086 3169 1136 3227 lon
1185 3182 1223 3226 on

142 3251 238 3302 eston.
312 3243 378 3302 bos.
398 3244 503 3302 Adtulit
521 3187 597 3318 etti
669 3245 736 3304 505.
755 3263 815 3302 sen.
831 3245 908 3320 nigro
920 3242 1041 3301 subeunt
1055 3249 1104 3303 ll.
1178 3244 1223 3301 ior·

142 3335 205 3374 meu
223 3335 248 3376 r.
331 3320 398 3378 000.
422 3320 562 3379 inesterno
581 3325 729 3398 [immpr-
742 3317 780 3378 Γ.
816 3320 844 3377 in
863 3319 982 3377 extincto
1000 3324 1038 3379 E.
1073 3321 1105 3379 in
1125 3330 1223 3381 emen

141 3387 472 3455 Monumentum.
500 3397 528 3454 in
547 3408 670 3456 extremo
692 3393 819 3455 ‘FToen
832 3394 1001 3454 eistetted·
1021 3401 1222 3476 Mppttcmtr.

179 3469 248 3528 ⁶07.
272 3471 321 3528 itte
339 3489 413 3548 genu
430 3470 479 3531 A.
518 3492 591 3551 genu
612 3476 677 3532 nixo
696 3478 731 3532 E.
781 3491 834 3531 enu
853 3471 939 3530 flexus
958 3435 1052 3533 1141.
1092 3493 1167 3553 geno
1183 3490 1223 3552 po·

140 3543 193 3603 sito
210 3544 240 3602 9.
263 3551 397 3606 122023.
422 3553 481 3618 Ito,
499 3551 657 3625 exsuscitat,
676 3547 754 3610 AN
792 3548 1078 3608 bmlbmsusto.
1113 3551 1222 3609 flam

140 3619 265 3680 discnssit
284 3623 319 3681 ob
339 3641 407 3681 aum
429 3621 468 3684 Ψ.
495 3626 634 3683 flammam
652 3625 777 3686 discussit
795 3626 830 3683 nb
849 3642 917 3682 euro
934 3622 976 3682 A.
1004 3624 1035 3684 9.
1055 3624 1221 3686 discussiub

140 3696 272 3757 conduc.
303 3698 333 3756 9.
353 3703 470 3759 excussit
488 3703 524 3759 eb
543 3719 591 3759 ore
612 3704 634 3762 0
652 3711 721 3762 octo.
749 3702 779 3762 9.
797 3701 932 3779 percussit
950 3701 985 3758 ub
1004 3719 1076 3760 eure
1095 3720 1178 3762 usuc
1199 3700 1222 3759 1

138 3775 258 3832 extorsit
276 3775 312 3832 ab
328 3793 397 3834 nure
414 3775 440 3850 s.
469 3777 499 3836 9.
519 3780 638 3838 excussit
655 3781 692 3836 ab
710 3798 779 3838 anre
797 3779 907 3837 coeteri.
935 3775 1030 3836 utcu.
1050 3778 1116 3857 ene]
1135 3779 1222 3838 icio

138 3848 203 3929 foco
220 3850 317 3908 larium
334 3853 365 3910 9.
394 3854 430 3909 ob
449 3858 529 3926 euro]
549 3875 601 3933 per
619 3874 723 3930 qurum.
744 3874 808 3914 nam
827 3854 1046 3931 praepositiones
1063 3855 1222 3915 semideum

137 3944 190 4004 pro
208 3944 240 3985 sc
258 3927 376 3985 inuicem
395 3927 499 3986 babent
513 3934 579 4008 poni
593 3936 632 3993 D.
709 3933 776 3991 508.
795 3932 887 4008 Atque
899 3931 1000 4007 premit
1012 3949 1111 4009 queso.
1131 3929 1170 3992 Ψ.
1193 3929 1221 3987 itt

135 4003 243 4080 profert
261 4005 328 4061 BN
332 4021 360 4061 ot
368 4008 492 4062 122022
510 4015 583 4078 notet
604 4009 762 4069 cuonem.
790 4008 829 4066 Et
847 4009 925 4083 ponit
942 4024 1027 4073 oeus,
1059 4028 1154 4087 prom.
1173 4024 1222 4065 cn·

135 4096 180 4137 res
200 4085 246 4138 11.
275 4080 460 4159 promsiccns
474 4080 541 4154 bom
561 4101 712 4161 peccem.
745 4102 838 4163 queso.
851 4083 905 4145 coit
921 4109 955 4148 ne
971 4082 1109 4165 boempr.
1140 4098 1219 4165 qun·

134 4157 330 4236 continuatque
347 4155 411 4219 ooo.
442 4176 534 4237 quaes.
555 4161 743 4242 continuitque
761 4160 803 4221 ed.
816 4161 894 4221 Med·
924 4200 933 4221 .
1011 4163 1082 4224 909.
1102 4158 1220 4225 boind
