2550 4574
117 321 256 383 Ι666166
509 276 552 366 ns
574 320 715 367 anoravs
736 318 846 368 escars

128 474 242 535 difficile
258 479 303 533 est
317 469 412 549 dictur
437 471 550 549 egregie
573 480 668 531 tamen
687 471 723 532 ad
744 488 805 531 eam
824 464 991 530 locutionem
1010 468 1130 551 quadrat
1146 470 1234 531 Bon-

128 570 197 629 senii
217 569 392 640 coniectura,
414 566 464 644 qni
488 565 573 624 imum
599 565 690 624 locum
715 566 744 625 in
767 564 864 625 mediis
882 565 942 625 iere
959 565 1092 644 gradihus
1109 575 1233 627 statuum

126 646 242 739 Augusti
262 660 383 719 tenuisse
401 667 496 717 censet
514 677 544 736 p.
553 664 602 719 20.
637 660 669 719 16
687 660 800 717 summis
818 676 886 735 ergo
905 660 1035 736 gradibus
1055 661 1092 717 ais
1111 669 1234 739 utroque

128 755 215 814 latere
233 753 309 812 Mars
328 764 358 811 et
375 753 482 829 Venus,
501 762 586 831 prout
606 751 691 811 Ouid.
710 753 782 810 trist.
801 758 832 826 2,
847 753 915 826 205,
933 756 972 811 96
990 752 1086 829 tradit,
1103 753 1234 828 suerunt,

128 847 230 906 deinde
248 849 275 904 in
294 847 404 925 porticu
423 847 531 905 sinistra
550 864 568 904 6
586 847 700 925 regione
718 844 835 904 Veneris
850 846 956 905 Aeneas
975 856 1005 905 et
1022 847 1072 925 qui
1089 847 1237 905 6666564

127 940 302 1017 iudicantur,
327 941 355 999 in
375 941 463 999 altera
482 958 500 997 a
523 939 612 999 latere
629 939 726 997 Martis
744 938 889 997 Romulus.
929 939 1015 999 Certe
1032 941 1106 999 enisa
1119 939 1237 1002 ¹saliua-¹.

130 1044 194 1110 tur,
221 1036 268 1113 qui
287 1048 384 1092 uersus
404 1034 568 1108 566-66,
597 1033 720 1111 inprimis
745 1041 934 1110 postremum,
959 1034 1179 1112 interpretantur
1196 1018 1236 1092 de

132 1147 219 1207 opere
244 1128 271 1186 in
297 1126 387 1185 ualuis
412 1127 509 1205 templi
531 1126 656 1201 caelato,
684 1145 739 1185 nun
765 1125 802 1184 ad
828 1135 933 1184 statuas
959 1127 1160 1205 quinquaginta
1183 1144 1234 1184 sex

130 1220 291 1303 triumphali
309 1219 404 1279 habitu
424 1221 452 1278 in
473 1228 592 1298 utroquo
610 1220 771 1297 hemicyclio
790 1218 925 1280 referant.

206 1312 381 1373 Mercurii
406 1312 530 1372 aedem
556 1312 711 1372 dedicatam
736 1313 823 1372 tradit
847 1314 942 1372 Liuiur
961 1311 1004 1371 ld.
1022 1312 1090 1371 Mai.
1109 1312 1176 1371 anai
1194 1311 1231 1371 V.

132 1406 167 1468 C.
186 1407 255 1484 250,
273 1407 365 1481 iib.2‚
382 1411 420 1464 22
440 1414 469 1464 et
487 1409 535 1466 27.
574 1405 666 1466 Locus
686 1425 743 1466 non
762 1408 813 1466 nisi
837 1407 865 1465 in
882 1407 988 1465 notitia
1007 1406 1089 1465 Vrbis
1106 1424 1165 1483 reg.
1180 1406 1234 1480 Xi,

132 1500 183 1562 aed
200 1503 290 1560 minus
309 1499 393 1560 etiam
415 1497 544 1576 definite,
572 1518 656 1579 quam
682 1501 759 1581 apud
778 1499 928 1575 Ouidium,
954 1498 1098 1557 iudicatur.
1135 1496 1235 1577 itaque

133 1596 316 1673 gratissimum
335 1601 378 1652 eat
391 1586 539 1652 Francesci
556 1593 691 1672 Augeinui
709 1590 896 1654 testimonium
914 1591 951 1651 de
967 1591 1093 1651 aedicula
1103 1588 1235 1649 Mercurii

134 1695 208 1758 „tro
233 1688 255 1747 6
279 1684 389 1748 cuuto
406 1686 548 1746 Mossinso
573 1688 608 1748 a'i
625 1694 725 1752 Monta
742 1688 905 1749 Auentino'’
923 1684 1042 1763 effossa,
1069 1682 1146 1763 quod
1171 1684 1235 1744 uide

134 1779 211 1858 apud
230 1779 346 1839 Nardiu.
367 1784 398 1854 3,
417 1798 446 1857 p.
456 1780 525 1838 245.

212 1873 343 1933 Aedem
362 1873 515 1933 iunonis
533 1874 708 1934 Monetae
727 1872 881 1932 dedicatam
901 1870 970 1930 Kal.
987 1871 1049 1928 iun.
1068 1870 1188 1930 Ouidius
1206 1879 1236 1931 et

134 1964 260 2026 1666666.
279 1977 332 2026 sat.
354 1968 381 2037 1,
399 1972 447 2040 12,
468 1985 496 2044 p.
508 1970 578 2042 248,
607 1984 682 2026 6666
701 1969 738 2031 V.
761 1967 795 2027 C.
815 1970 875 2025 410
891 1965 989 2024 Liuius
1007 1967 1037 2036 7,
1052 1968 1092 2023 28
1111 1964 1234 2025 tradunt.

136 2062 285 2121 Auctorem
304 2060 341 2120 L.
356 2060 472 2118 Furium
488 2059 635 2118 Camillum
652 2070 738 2139 poeta
757 2068 786 2120 ct
803 2059 912 2136 Liuius,
931 2068 1014 2117 uotae
1032 2058 1109 2117 aedis
1127 2062 1237 2138 tempus¹

136 2150 339 2213 dimicationem
364 2164 462 2212 canoa
480 2153 624 2211 Auruncos
652 2162 796 2232 nuncupat
820 2153 925 2212 Liuius.
969 2152 1111 2233 Restituta
1136 2150 1238 2211 deinde
1272 2140 1274 2147 ’

137 2244 249 2305 uidetur
268 2265 341 2305 anno
360 2247 396 2307 V.
416 2248 451 2306 C.
471 2245 540 2323 581,
560 2245 616 2306 uid.
636 2247 700 2307 Liu.
719 2251 770 2324 42,
789 2251 818 2306 7.
857 2248 969 2307 Inerant
985 2246 1047 2304 libri
1066 2244 1155 2321 liutei,
1170 2244 1236 2304 Liu.
1274 2297 1275 2303 ,

139 2340 170 2412 4,
189 2341 220 2415 7,
239 2343 289 2398 20.
327 2338 422 2398 Posita
440 2340 493 2398 snit
513 2341 542 2398 iu
563 2358 627 2399 arce
646 2341 676 2401 in
701 2359 767 2399 area
785 2340 884 2399 domus
905 2340 947 2399 M.
964 2337 1059 2397 Manlii
1078 2338 1237 2416 Capitolini,

139 2427 248 2489 dirutae
267 2449 340 2489 anno
359 2431 396 2488 V.
416 2432 450 2490 C.
471 2435 544 2492 371:
573 2433 637 2492 uide
654 2433 717 2494 Liu.
737 2436 766 2506 6,
786 2438 824 2492 20
846 2443 876 2493 et
893 2431 1041 2492 Niebuhrii
1066 2431 1238 2508 praeclaram

140 2519 353 2600 disputationem
373 2522 437 2580 trist.
451 2523 505 2584 Ro.
525 2530 556 2600 2,
570 2528 629 2585 680
640 2546 684 2605 sq.
722 2527 805 2596 Quae
823 2526 940 2586 Ouidius
957 2525 995 2585 de
1012 2543 1047 2584 eo
1065 2524 1171 2584 Manlio
1187 2525 1239 2584 ire·

141 2614 199 2690 bet,
217 2615 303 2674 credo
322 2616 469 2694 desumpta
488 2635 548 2675 esse
567 2637 602 2677 ex
622 2621 678 2678 hoc
691 2630 770 2679 sexto
785 2620 918 2680 Varronis
937 2620 1018 2695 libro,
1037 2635 1120 2694 quem
1139 2616 1239 2677 eodem

141 2707 226 2767 modo
245 2708 282 2767 de
300 2710 363 2768 loco
381 2711 477 2788 templi
501 2710 659 2772 disseruisse
683 2714 845 2772 coniecerim
864 2722 979 2792 propter
1003 2712 1161 2789 fragmenta
1182 2709 1239 2770 duo

141 2818 228 2879 supra
246 2811 323 2860 sexto
342 2804 403 2862 loco
422 2806 574 2884 proposita.
611 2805 724 2864 lasitus
748 2806 900 2864 accuratius
919 2805 1049 2863 definitur
1067 2822 1150 2863 uersu
1169 2803 1241 2865 Oui-
1274 2805 1275 2810 ’

143 2893 181 2953 dii
202 2901 230 2972 l,
243 2898 312 2971 638,
332 2897 379 2955 ubi
393 2896 568 2956 Concordiae
586 2901 720 2978 templum
739 2919 829 2978 prope
847 2897 949 2977 gradus
968 2898 1101 2956 Monetae
1118 2916 1180 2957 esse
1198 2897 1240 2957 di·

142 2989 230 3061 citur,
257 2988 295 3048 de
319 2990 418 3069 quibus
436 2989 567 3069 gradibus
586 3010 642 3050 non
668 3002 711 3052 cst
736 2993 816 3051 saciie
835 2993 994 3070 disputare,
1016 2991 1040 3048 ai
1057 2991 1167 3051 Rornae
1184 3008 1241 3051 non

142 3080 244 3159 666τί6,
262 3082 311 3143 366
333 3083 520 3142 difficillimum
541 3085 586 3143 uel
604 3086 754 3162 Romanis,
774 3086 851 3144 uelut
871 3085 993 3144 Caninae
1011 3103 1041 3161 p.
1052 3083 1107 3155 55,
1126 3085 1174 3163 qui
1192 3102 1242 3144 ue·

143 3180 231 3232 terem
256 3185 369 3235 tuentur
393 3177 569 3255 opinionem,
597 3179 695 3238 Arcem
708 3179 845 3258 ,Capitolii
869 3178 954 3236 fuisse
972 3195 1069 3237 uersus
1087 3176 1243 3253 meridiem,

146 3267 280 3343 templum
306 3269 379 3326 louis
406 3289 474 3329 uero
499 3272 548 3328 ubi
571 3271 653 3330 hodie
677 3272 799 3331 Arcaea.
846 3272 1024 3334 Contrarium
1051 3271 1125 3328 enim
1150 3270 1245 3330 docuit

143 3356 312 3419 Niebuhrins
332 3362 396 3420 hist.
410 3364 466 3422 Ro.
484 3370 512 3439 1,
524 3363 581 3423 558
601 3376 664 3424 cum
682 3366 759 3440 aliis,
784 3364 842 3427 uid.
854 3366 954 3423 annal.
975 3365 1039 3423 inst.
1049 3366 1080 3440 6,
1094 3383 1124 3443 p.
1134 3369 1184 3439 20,
1193 3370 1244 3426 21.

54 3481 60 3501 r
151 3453 264 3511 066666
276 3455 382 3531 produc
400 3456 476 3536 apud
490 3459 562 3517 Tac.
575 3457 638 3517 hist.
652 3462 741 3534 3,71.
761 3457 816 3516 lruc
834 3477 890 3516 non
906 3457 1046 3536 pertinere
1065 3467 1168 3518 certum
1188 3468 1244 3519 est.

145 3545 219 3606 Vide
237 3547 273 3606 de
291 3547 345 3607 hac
363 3569 395 3609 re
413 3549 501 3610 Buns.
524 3552 613 3611 deser.
631 3557 661 3628 3,
675 3559 704 3628 1,
720 3561 751 3631 p.
761 3556 799 3611 17
817 3560 846 3611 et
864 3551 901 3610 de
919 3549 989 3610 aede
1006 3550 1139 3610 Monetae
1155 3570 1186 3630 p.
1195 3555 1245 3611 38.

224 3643 340 3701 Aedes
358 3643 490 3701 Martis
515 3655 601 3705 ante
626 3655 768 3724 portam
787 3646 966 3723 Capenam
989 3644 1090 3703 eodem
1108 3644 1170 3720 die,
1196 3644 1247 3704 sed

147 3750 221 3793 anno
239 3736 275 3794 V.
293 3737 327 3796 C.
345 3740 402 3796 367
420 3745 492 3797 teste
509 3738 589 3796 Liuio
608 3741 638 3814 6,
655 3738 673 3795 5
693 3738 820 3797 dedicata
838 3747 889 3798 est.
927 3737 1048 3797 Posthac
1066 3756 1084 3796 a
1102 3738 1185 3797 Sutia
1202 3755 1249 3797 re·

146 3826 248 3886 sectam
269 3848 324 3906 quo
347 3841 417 3890 teste
437 3832 572 3909 Neapolis
598 3831 758 3908 tradiderit,
784 3851 830 3892 me
854 3833 935 3911 fugit.
975 3832 1068 3890 Locus
1087 3831 1136 3889 ubi
1152 3829 1261 3906 fuerit,

148 3940 205 3979 uon
225 3931 267 3981 est
285 3925 407 4000 ignotus,
425 3925 449 3983 si
467 3925 550 3983 iidem
570 3936 691 3984 meretur
709 3927 850 4003 inscriptio
869 3925 945 4004 apud
964 3927 1118 3985 Gruterum
1136 3943 1167 4002 p.
1179 3924 1263 3999 152,

148 4017 179 4091 7,
198 4027 311 4094 reperta
322 4016 448 4077 Nardino
467 4027 538 4076 teste
553 4024 581 4093 1,
595 4038 624 4096 p.
636 4022 693 4078 144
712 4038 746 4078 66
765 4019 794 4078 in
813 4019 885 4097 loco,
904 4021 952 4078 ubi
965 4018 1096 4078 Sachsius
1109 4023 1137 4092 1,
1150 4036 1181 4095 p.
1192 4018 1263 4075 886

148 4109 292 4168 miliarium
310 4112 459 4170 numerni
482 4111 639 4189 insignitum
665 4111 796 4172 effossum
819 4130 879 4172 esse
903 4112 1033 4171 affirmat.
1072 4111 1127 4169 Iste
1153 4110 1267 4170 titulus

140 4203 267 4262 melioris
289 4205 355 4264 aeui
378 4205 557 4286 scriptionem
581 4224 650 4267 sane
674 4225 743 4287 prae
761 4222 793 4269 se
815 4204 910 4268 ferens
929 4205 996 4266 dicit
1021 4204 1122 4265 cusan
1140 4206 1266 4265 Marti!
