2550 4574
141 275 266 352 ctxvm
601 270 644 319 na
667 271 776 321 SACRIS

141 447 193 508 qua
209 434 242 488 ut
258 444 350 490 raum
366 424 517 486 aindoma
530 431 671 502 pestutum
688 440 832 486 saarmtaa
849 426 1051 486 emmaum
1072 427 1103 484 la
1124 425 1235 504 mulus,

142 540 180 582 ec
197 521 295 600 attilus
312 528 372 580 tuat
388 518 484 579 multis
497 537 584 577 tutata
600 520 708 578 iuterim
726 537 839 597 ponant.
874 518 905 577 Si
921 518 987 595 quid
1001 537 1068 596 erga
1086 519 1151 579 lruic
1169 522 1237 581 fidei

143 622 197 689 est,
214 614 243 672 in
263 617 318 675 ritu
336 616 408 674 sacri
426 612 501 693 quud
520 612 556 670 ad
581 612 749 671 aramtlouis
768 613 850 671 Elicii
868 612 896 670 in
914 613 1051 692 Auentino
1070 616 1244 683 montefia<

143 706 201 782 bat,
220 707 339 768 fabellae
357 709 513 767 notissimae
531 706 663 764 memoria
682 714 847 765 conseruata
870 713 929 776 est,
955 715 1047 765 actum
1070 717 1114 766 est
1132 708 1237 786 aliquid

142 810 256 876 durum,
279 820 352 880 quae
371 798 501 861 Ouidium
528 817 563 858 ex
580 799 692 858 Valeria
710 799 822 858 Antiate
845 798 971 857 retulisse
994 818 1080 875 supra
1099 802 1238 861 intellexi-

141 911 213 952 mus.
252 893 328 953 Idem
347 894 383 954 de
401 891 526 973 pluribus
543 893 628 955 sacris
647 891 772 952 disertius
791 891 876 951 tradit
894 893 1015 952 Tertull.
1035 893 1074 952 ad
1092 903 1150 953 nat.
1172 900 1203 969 2,
1218 897 1238 952 7

141 987 194 1044 sub
208 985 256 1045 fin.
288 987 360 1046 Earn
379 987 415 1046 ab
434 1003 543 1044 cansam
562 985 686 1062 suspicor
700 992 813 1062 poetam
832 993 955 1044 nostrum
975 1006 1174 1067 nonnunquam
1193 986 1238 1045 fa·

135 1078 270 1138 ‘bularum
289 1099 358 1159 quas
376 1087 472 1139 narrat
490 1079 568 1157 quasi
592 1077 802 1136 fundamentum
821 1077 948 1139 habuisse
965 1082 1089 1160 ipsarum
1109 1091 1236 1140 ueterum

143 1173 352 1233 cerimoniarum
365 1174 566 1237 enarrationem
579 1171 705 1230 fortassis
718 1170 930 1230 Varronianam.
966 1173 1032 1232 Non
1051 1174 1087 1232 id.
1097 1175 1238 1252 improba·

142 1265 200 1324 bile
217 1276 286 1344 puto
304 1267 333 1325 in
352 1286 435 1326 causa
451 1267 509 1341 illa,
529 1284 579 1323 cur
590 1265 703 1323 Faunus
720 1271 810 1322 uestes
828 1262 919 1322 aderit
932 1271 963 1341 2,
976 1267 1144 1329 305-358.
1178 1268 1239 1344 Ly·

143 1356 196 1417 dus
209 1361 281 1418 inter
293 1378 371 1419 sacra
384 1359 509 1418 Herculis
520 1358 639 1417 Victoria
653 1359 691 1416 111
702 1357 778 1415 Non.
793 1357 860 1435 Apr.
876 1346 1084 1435 commemorat,
1102 1361 1237 1419 demens.

143 1452 175 1525 4,
188 1453 236 1523 46,
254 1472 285 1531 p.
294 1457 368 1512 220:
395 1445 443 1511 ded
463 1446 502 1528 δὴ
521 1447 572 1510 καὶ
591 1446 623 1510 ἐν
648 1451 715 1520 τοῖς
733 1441 845 1509 τούτου
863 1451 1026 1529 peroptare
1049 1443 1122 1522 τοὺς
1146 1445 1238 1534 ἄῤῥε.

143 1561 201 1614 νας
218 1540 402 1623 staurarium
420 1544 526 1616 ςολαΐς
543 1542 723 1621 κοσμοῦσιν,
743 1544 795 1604 cfr.
811 1543 849 1603 de
866 1563 957 1622 magg.
973 1549 1004 1620 3,
1015 1548 1068 1605 543
1090 1539 1169 1605 ἀλλὰ
1187 1543 1240 1605 καὶ

143 1631 217 1706 τοὺς
235 1631 615 1716 καλουμίνσαςσάνδυκας
632 1672 686 1697 -.
714 1628 856 1718 Τοσούτῳ
881 1630 936 1696 τὸν
951 1627 1109 1716 Ἡρακλέα
1130 1639 1240 1715 χιτῶνι

144 1730 354 1809 περιβαλοῦσα
362 1724 507 1812 Ὀμφάλη
522 1727 596 1790 ποτὲ
611 1727 746 1811 αἰσχρῶς
759 1727 876 1808 ἐρῶντα
886 1725 1107 1808 παρεθήλανεν.
1130 1724 1241 1812 Ταύτῃ

143 1822 195 1883 aul
203 1814 362 1905 Ἡρακλῆς
373 1821 502 1886 §tatas
523 1818 679 1903 ἀνηνέχθη
690 1856 746 1884 ,-.
765 1825 823 1885 Sed
844 1825 985 1903 aliquanta
1001 1826 1131 1885 illustrius
1146 1843 1240 1885 exem·

135 1918 221 1994 plura
239 1929 283 1978 est
300 1922 328 1979 in
341 1923 421 1980 Anna
431 1921 560 1982 Perenna
571 1925 604 1997 3,·
615 1922 786 1978 atr-694.
823 1920 915 1978 Causa
934 1928 984 1977 cur
1003 1920 1156 1978 obscaenas
1174 1938 1241 1978 can·

19 2024 23 2032 ’
143 2011 248 2072 tilenae
267 2015 325 2074 eius
343 2015 418 2075 seriis
437 2023 614 2094 usurpentur,
632 2012 758 2072 redditur
776 2013 852 2092 quod
872 2032 907 2072 ea
923 2011 1087 2072 administra
1096 2013 1171 2070 Mars
1184 2031 1241 2070 non

143 2101 250 2164 felicius
265 2101 392 2168 Vulcano
411 2111 521 2189 nuptias
533 2108 678 2166 Mineruae
696 2107 868 2184 expetiuerit.
905 2107 987 2164 illurn
996 2115 1074 2172 uera
1093 2107 1152 2163 eius
1171 2105 1242 2165 deae

143 2213 261 2275 procum
281 2219 337 2259 non
356 2203 466 2261 memini
485 2202 693 2260 commemorari
711 2200 764 2258 nisi
781 2201 810 2258 in
829 2195 967 2274 religionis
987 2199 1053 2268 eius,
1072 2217 1155 2275 quam
1171 2197 1241 2256 Oui·

143 2289 206 2348 dius
225 2297 252 2362 3,
268 2298 323 2352 393
337 2314 380 2373 sq.
400 2297 554 2366 annotauit,
574 2295 758 2373 explicatione
778 2292 852 2371 apud
871 2292 1009 2369 Porphyr.
1029 2290 1065 2350 ad
1084 2292 1151 2349 Har.
1172 2310 1241 2370 epp.

143 2387 175 2457 2,
189 2388 220 2456 2,
232 2390 304 2447 209:
324 2392 409 2447 Maia
426 2388 518 2448 atenac
534 2388 630 2464 rallpia
649 2396 691 2446 ast
707 2386 807 2448 nubere
825 2393 851 2445 el
870 2389 934 2445 itera
949 2386 1068 2453 Martia,
1086 2387 1116 2442 ia
1136 2404 1190 2462 qua
1209 2385 1243 2444 de

143 2480 249 2550 nuptiis
267 2479 362 2540 babitu
384 2485 566 2557 camamiaeu
584 2485 720 2541 Mirterua
737 2486 825 2541 Mars
841 2481 933 2543 suaa
949 2484 1004 2538 esta
1027 2475 1136 2540 obtectu
1153 2483 1243 2555 uispi-

143 2569 231 2627 nitate
243 2575 378 2633 Minerua
390 2578 494 2634 Nerius
507 2582 548 2633 cst
566 2575 719 2652 appellata.
749 2575 782 2634 Si
800 2573 949 2631 infaustum
967 2569 1036 2628 illud
1054 2580 1163 2650 ternpus
1180 2592 1244 2635 cae·

35 2717 39 2724 .
143 2660 186 2740 pit
210 2658 274 2741 ipsis
291 2665 443 2742 Kalendis,
469 2669 511 2726 uti
535 2669 700 2744 assignificat
720 2666 856 2741 Ouidius,
881 2665 961 2724 desiit
980 2681 1047 2741 ergo
1074 2664 1196 2724 fortassis
1214 2668 1243 2723 in

142 2751 345 2815 Tubilustrium
368 2759 460 2817 XKl'
479 2761 565 2837 Apa,
596 2768 663 2818 tunc
688 2761 762 2820 enim
789 2752 883 2834 τιμὰς
899 2749 1008 2832 ’Ἄρεος
1034 2751 1085 2814 καὶ
1111 2752 1245 2833 Nicives

142 2847 267 2926 ascripsit
283 2849 379 2925 Lydus
398 2851 535 2911 demens.
551 2854 581 2926 4,
592 2853 642 2925 42,
662 2872 691 2930 p.
701 2857 771 2930 206,
790 2872 845 2932 qua
864 2871 896 2912 re
912 2853 1012 2909 iterum
1028 2848 1160 2910 dissensio
1175 2850 1246 2910 Oui·

142 2937 182 2997 dii
200 2949 230 3001 et
248 2942 338 3003 Verrii
357 2944 463 3019 Flacci,
483 2944 519 3002 de
538 2964 593 3022 qua
613 2944 669 3002 dixi
682 2965 772 3024 supra
791 2967 820 3024 p.
837 2964 922 3019 xnus,
943 2945 1111 3003 conciliatur.
1152 2944 1245 3003 ldibus

142 3050 210 3110 erga
231 3035 339 3094 Martiis
358 3056 393 3097 ex
412 3039 520 3115 uulgari
539 3039 668 3117 opinione
694 3040 836 3098 etiamtum
856 3039 1001 3117 deperibat
1019 3037 1099 3095 deam
1120 3047 1244 3095 amator:

141 3126 317 3187 manifestum
336 3141 378 3190 eat
396 3150 457 3190 earn
477 3132 564 3209 ipsam
583 3134 717 3210 temporis
735 3133 955 3193 conuenientium
972 3148 1072 3189 causae
1087 3129 1181 3199 fuisse,
1196 3148 1246 3187 cur

141 3222 223 3277 Anna
242 3221 267 3279 ei
286 3224 396 3300 negotio
416 3224 649 3302 interponeretur.
688 3225 721 3283 ln
742 3226 851 3285 Cereris
869 3225 954 3284 sacris
973 3225 1004 3299 4,
1019 3223 1086 3296 494,
1106 3223 1176 3296 555,
1188 3223 1247 3279 556

60 3349 62 3354 -
117 3309 205 3386 ·ipse
221 3321 308 3387 poeta
327 3315 502 3375 acrimoniam
519 3317 655 3395 adquam
673 3317 769 3376 fabula
788 3320 940 3396 pertineret
957 3315 1098 3375 iudicauit.
1128 3315 1158 3375 ln
1173 3316 1247 3373 Bac·

142 3401 187 3458 chi
206 3405 294 3478 mellis
314 3406 463 3467 inuentoris
481 3409 578 3468 sabula
594 3415 625 3485 3,
639 3409 696 3469 735
717 3410 792 3488 quod
811 3407 855 3469 ast
873 3410 1105 3469 oblectamentum
1124 3408 1247 3464 nascitur

143 3503 219 3552 certe
238 3514 273 3553 ex
291 3497 399 3556 mimica
418 3510 446 3558 et
466 3503 577 3561 animali
597 3502 730 3562 narrandi
753 3507 877 3580 argutias
903 3502 1031 3563 crederes
1049 3511 1159 3579 poetam
1179 3501 1247 3577 quia

142 3585 283 3649 Liberalia
302 3591 423 3667 urbana,
449 3604 481 3651 ut
499 3595 572 3652 infra
590 3596 713 3670 dicetur,
740 3596 943 3674 angustioribus
962 3595 1062 3653 finibus
1080 3592 1246 3652 coerceban-

141 3688 207 3755 tur,
232 3682 268 3740 ad
288 3685 403 3742 rusticos
422 3685 522 3744 latinus
540 3676 603 3746 sese
620 3690 804 3767 applicuisse,
827 3688 863 3749 de
881 3691 981 3768 quibus
999 3689 1131 3766 Virgilius
1149 3704 1194 3762 ge.
1213 3691 1246 3761 2,

143 3777 201 3830 396
214 3794 256 3852 sq.
284 3777 365 3835 Aliud
381 3778 513 3836 eiusmodi
531 3780 595 3840 uide
607 3781 685 3860 apud
695 3781 787 3858 Neap.
802 3780 838 3839 ad
851 3783 881 3856 4,
891 3783 948 3842 235
962 3801 997 3841 ex
1010 3782 1086 3841 Plut.
1102 3779 1169 3838 adu.
1183 3779 1246 3838 Col.

143 3885 169 3926 c.
181 3872 218 3924 33
233 3869 281 3928 fin.
310 3870 436 3949 Denique
450 3891 522 3949 quae
536 3875 566 3948 5,·
579 3874 636 3932 523
651 3873 687 3933 de
704 3873 821 3952 bospitio
837 3874 1007 3934 Carmentae
1025 3884 1055 3938 st
1069 3874 1167 3932 Matris
1185 3872 1249 3931 Ma·

144 3967 222 4019 tutae
241 3960 440 4040 proferuntur,
465 3966 591 4023 nituntur
608 3965 727 4025 famame
750 3969 843 4027 nescio
869 3987 926 4047 qua
945 3971 1089 4047 utriusque
1106 3985 1249 4025 sacrarum

143 4055 348 4130 coniunctione,
367 4076 430 4115 cum
449 4066 565 4137 utraque
583 4058 651 4133 dea,
670 4059 821 4119 Carmenta
839 4062 992 4129 secundum
1007 4081 1055 4137 ea,
1075 4078 1147 4139 quaa
1160 4060 1247 4138 paula

143 4146 258 4211 inferius
276 4166 295 4209 a
313 4150 392 4211 nohis
410 4149 548 4228 dicentur,
567 4146 677 4216 tutata
695 4171 764 4217 uem
778 4171 796 4217 a
811 4153 954 4221 Strabone
974 4164 1004 4223 et
1020 4154 1113 4219 Plinio
1132 4161 1248 4219 autema
