2550 4574
133 240 185 307 cu‘
582 254 722 303 verutus
744 254 792 301 rc.

133 410 192 471 rius
208 409 309 488 legisse
326 417 462 488 apparet,
488 414 554 467 nem
577 404 616 466 de
633 406 756 484 magistr.
775 410 804 476 3,
823 408 843 465 8
861 407 1019 467 Aemilium·
1030 403 1172 487 quendam
1195 403 1241 464 hi·

134 504 284 564 etoriarum
301 502 425 562 Sallustii
444 510 473 559 et
489 499 529 559 de
544 517 633 559 mene.
655 505 687 574 3,
705 501 744 558 46
761 499 943 561 Polemonem
964 505 1160 578 nescioquem
1178 500 1241 559 Lu·

135 600 199 658 ueni
218 599 398 676 interpretem
417 594 454 653 ed
473 603 568 672 purtee
586 595 707 652 uocauit.
745 593 843 663 Quare
866 612 939 672 quae
964 594 1040 673 epod
1059 593 1177 653 Paulum
1197 595 1240 653 Ιι·

136 702 240 770 guntur
258 701 308 749 eut
326 691 411 770 ipsius
431 687 510 746 Pauli
529 706 607 763 mse,
631 697 681 746 uut
706 696 784 746 uerte
801 687 893 746 Verrii
916 707 972 747 nou
992 706 1053 747 esse
1070 688 1244 767 pumuerime

135 786 178 844 An
198 786 332 844 credibile
351 794 395 842 eet
413 801 477 841 eum
497 800 516 840 ι
533 781 603 839 cheu
619 781 783 859 repetiuiese
794 781 899 841 ,luuum
915 783 1099 856 initiatorem,
1125 781 1173 858 qui
1192 783 1245 839 ist-

137 878 255 938 uiouudi
274 880 390 937 uerbum
411 885 482 935 teste
499 873 636 933 Diomede
651 880 680 947 1,
695 893 724 951 p.
735 876 789 932 361
809 873 844 932 Ρ.
857 876 1001 952 negeoedt
1019 875 1115 935 uenire
1134 894 1151 933 a
1169 875 1242 934 cliuo

136 981 233 1031 contre
247 972 414 1045 Varronem,
432 971 481 1048 qui
499 968 646 1028 munileutu
665 967 826 1039 alienauit,
847 965 903 1025 uid.
918 966 956 1028 de
973 969 995 1030 l.
1008 970 1028 1028 l.
1041 970 1070 1039 d,
1081 972 1127 1039 19,
1139 973 1189 1043 20,
1210 979 1243 1027 ut

19 1054 22 1058 ⁵
63 1084 65 1089 ·
136 1063 208 1123 illius
227 1083 288 1124 esse
301 1064 447 1123 uideuutur
464 1081 538 1142 quae
553 1061 866 1137 cuneuetn'negligeotiu
880 1062 1083 1140 pruVerrieois
1101 1062 1242 1140 excerpsit

137 1155 241 1216 Paulus
260 1176 290 1236 p.
303 1160 370 1233 107,
381 1161 409 1216 8.
438 1157 552 1216 Scilicet
572 1154 687 1229 bifrons,
707 1163 740 1212 ut
757 1155 819 1232 ipse
837 1153 931 1229 tunm,
949 1155 1002 1215 iste
1019 1164 1063 1215 eet
1081 1156 1247 1234 originaliter

139 1250 299 1327 explicetur
307 1252 390 1310 lanus
408 1250 446 1308 de
463 1251 541 1307 initio
558 1266 650 1306 rerum
670 1247 822 1325 mundique
839 1248 959 1326 portium
974 1248 1140 1327 concordiu3
1159 1258 1242 1307 ιιιιιιι

139 1342 192 1400 ieta
210 1342 390 1401 Etruscorum
410 1341 448 1399 de
466 1341 532 1398 luno
550 1341 605 1400 luit
628 1342 741 1419 opinio,
766 1339 824 1400 uid.
843 1339 916 1417 Lyd.
935 1340 973 1400 de
990 1361 1079 1401 meuc.
1096 1345 1188 1421 pedu,
1202 1341 1243 1401 et

139 1431 344 1494 Scha‘deinde
357 1434 393 1494 ed
407 1452 537 1512 graecam
555 1434 798 1515 incompositorum
810 1452 906 1493 eurum
926 1433 1125 1495 elementorum
1141 1435 1241 1513 eppei-

138 1527 281 1602 lationem,
300 1539 436 1607 quaeest
453 1531 492 1588 ub
511 1528 625 1605 hiando,
644 1531 734 1608 ipsum
755 1546 856 1586 nomeu
874 1526 1016 1588 refertur(
1043 1529 1119 1589 Satis
1135 1530 1199 1603 erit,
1216 1529 1241 1587 ei

139 1629 282 1679 auctorem
298 1621 382 1693 dubo,
402 1623 450 1701 qui
463 1631 611 1700 utrumque
624 1623 691 1680 illud
705 1621 831 1701 protulit,
852 1622 997 1700 incertum,
1016 1643 1085 1702 quo,
1102 1623 1150 1682 uel
1161 1640 1242 1680 num·

141 1720 198 1789 (piu
213 1731 297 1785 nexu,
316 1715 539 1794 quandoquidem
558 1717 633 1775 beuti
649 1716 792 1793 Augustini
810 1714 943 1785 interfuit,
964 1725 994 1774 ut
1011 1717 1070 1775 eins
1088 1717 1243 1776 sententiae

140 1806 170 1862 in
189 1806 311 1884 speciem
330 1826 414 1886 quem
434 1809 656 1890 absurdissimum
674 1810 916 1887 detorquerentuc.
950 1811 1002 1866 llic
1015 1811 1103 1888 igitur
1121 1810 1158 1869 de
1171 1829 1198 1868 c.
1209 1808 1239 1869 d·

141 1901 204 1974 7’,7
216 1909 245 1959 et
255 1904 275 1960 8
287 1903 442 1961 Varronem
454 1903 551 1961 Inuum
569 1902 702 1961 muudtuu
720 1921 779 1962 ecee
796 1903 830 1962 et'
844 1902 919 1973 duur
934 1903 1025 1977 focius
1042 1912 1109 1963 unte
1124 1912 1153 1963 et
1168 1911 1243 1964 rutro

140 1991 249 2066 detero,
267 1994 341 2073 quod
357 1996 480 2055 liuius
497 2003 621 2056 cester
639 2012 700 2056 otuu
715 2015 748 2055 ue
763 2000 904 2075 upmlmce
914 1996 1019 2056 uumdu
1031 1995 1243 2057 senaculum-

141 2092 199 2163 ιιι,
219 2088 347 2150 docuisse
364 2101 469 2149 namet.
502 2088 675 2160 Quantulum
689 2089 760 2148 desit
774 2089 811 2148 ed
824 2091 989 2149 senmutiern
1001 2088 1183 2166 Ouidianum,
1200 2090 1243 2150 in·

141 2180 250 2258 telligis.
290 2181 439 2244 liuetenus
451 2183 491 2244 du
506 2185 559 2260 iis,
578 2202 653 2262 quae
671 2183 748 2262 apud
767 2182 902 2244 Ouidium
922 2191 952 2243 et
969 2183 1059 2242 Verrii
1076 2185 1244 2264 expilatores

142 2274 244 2333 stulte
260 2286 366 2338 extent«
404 2279 449 2337 Ex
467 2278 515 2345 lius
528 2264 617 2338 multu
633 2279 700 2337 entis
719 2278 860 2337 dissimilia
877 2277 998 2353 lutum,¹
1009 2287 1059 2336 eut
1077 2297 1129 2337 noe
1147 2292 1245 2338 eornm

61 2400 76 2427 ·.
144 2367 222 2439 alius,
242 2389 328 2447 quam
345 2374 492 2449 Verrium,
508 2366 635 2431 uuct'oree
654 2371 878 2451 deprehensurus
895 2369 997 2446 lirisee,
1015 2371 1039 2429 si
1057 2373 1103 2430 hic
1120 2372 1199 2430 Festi
1216 2382 1246 2431 et

144 2460 226 2520 Pauli
244 2476 346 2524 manue
360 2475 496 2544 expertus
513 2481 569 2525 nun
587 2465 703 2541 suisset,
724 2465 903 2522 certissimum
923 2474 975 2525 est.
1014 2466 1099 2525 Mitto
1114 2467 1183 2525 alius
1200 2467 1247 2525 lu-

146 2572 194 2612 cus
212 2557 361 2634 plurimus,
385 2562 435 2638 qui
454 2559 509 2617 huc
528 2560 585 2617 uun
604 2558 764 2638 pertinent,
791 2561 838 2616 uhi
857 2560 893 2618 ub
913 2560 956 2618 bis
974 2563 1128 2619 sententies
1147 2562 1249 2620 Verrio

145 2660 349 2728 supponuntur,
369 2652 406 2712 de
426 2656 524 2732 quibus
542 2653 657 2710 Verrius
675 2652 859 2711 iudicauerut:
887 2653 951 2710 uide
970 2654 1008 2710 sie
1025 2653 1191 2713 Muellerum
1210 2655 1247 2712 ud

72 2781 75 2785 -
145 2743 227 2803 Paul.
246 2765 276 2823 p.
290 2738 371 2823 ²r93
390 2749 438 2823 35,
453 2754 499 2820 ll,
519 2748 592 2804 alibi.
638 2747 743 2804 Verum
769 2749 815 2804 ille
841 2749 918 2804 locus
937 2747 1013 2805 Festi
1033 2768 1063 2826 p.
1075 2751 1141 2822 178,
1158 2751 1178 2804 6
1195 2750 1247 2810 eiu.

148 2840 258 2914 egregie
279 2858 313 2897 ex
332 2839 412 2897 Pauli
435 2841 526 2897 uerbis
544 2842 630 2912 (inter
648 2859 721 2918 quae
738 2846 841 2918 posteri
859 2843 940 2900 etium
958 2859 983 2898 e.
997 2841 1032 2898 Β.
1048 2842 1163 2916 omittit)
1180 2862 1249 2920 surp-

147 2932 240 3007 pletus
260 2951 277 2990 a
295 2933 443 3007 Muelleru,
463 2935 540 2990 cuius
560 2934 630 2992 haec
648 2944 713 2992 sunt
731 2944 888 3012 postremae
915 2938 973 2994 uiri
990 2935 1021 2993 tu
1038 2934 1110 3005 ‹iiJes
1126 2955 1186 2993 esse
1201 2939 1248 2994 iu-

146 3018 280 3105 di'uu-iiti
306 3036 389 3103 suut,
415 3027 488 3104 qtmd
512 3031 721 3104 queliesutrupue
739 3030 864 3088 Romani
889 3027 984 3102 duJees
1008 3028 1070 3086 belli
1093 3030 1250 3110 pe-ltreitdi

68 3128 73 3147 ‘
146 3136 235 3176 ceusu
252 3119 297 3179 leis
314 3120 408 3181 diebus
425 3122 629 3202 supplice-uere,
652 3123 738 3198 ucul]e
753 3140 839 3200 remp.
857 3120 1030 3199 pes-ileum,
1052 3123 1075 3180 si
1101 3124 1177 3180 solue
1198 3142 1248 3181 su·

147 3223 288 3287 peresset,
316 3234 417 3292 neme,
443 3219 562 3296 opinor,
589 3217 729 3275 dubitaret
749 3216 910 3294 expressum
930 3217 965 3298 ab
988 3215 1091 3275 Ouidio
1110 3218 1254 3276 affirmare

67 3315 69 3320 ·
148 3294 180 3379 1,Ι
196 3303 235 3363 67
253 3324 315 3384 sq.=
573 3346 605 3357 -
623 3314 769 3388 preeuntes
787 3317 848 3368 uter
866 3312 935 3368 erit.-

113 3414 117 3419 '
339 3405 426 3461 limen
445 3404 482 3463 ub
499 3414 596 3465 uceutu
615 3414 665 3481 eet,
684 3405 742 3463 illis
755 3413 826 3461 'uum
845 3406 939 3462 Romu
957 3401 1051 3461 diebus

384 3501 498 3557 Dumna
514 3499 566 3558 surb
586 3499 704 3558 oderem
722 3499 816 3556 tristia
834 3500 934 3555 Murle
950 3496 1024 3554 uidit

149 3587 232 3664 Atqui
256 3588 317 3671 ipsa
335 3577 430 3648 Verrii
449 3592 535 3649 uerba
555 3610 590 3649 ex
613 3601 726 3670 quarto.
741 3592 811 3649 libro
832 3590 868 3648 de
886 3591 1035 3647 uerborum
1052 3590 1252 3667 significatione

149 3691 261 3738 seruate
279 3693 344 3740 sunt
363 3703 380 3740 a
400 3684 494 3741 Gellio
512 3684 543 3758 5,
561 3688 613 3743 17:
642 3689 747 3762 quoties
765 3684 827 3743 belii
844 3683 955 3761 perettdi
974 3688 1070 3758 prutiu
1089 3705 1134 3743 res
1153 3685 1252 3744 diuino

148 3773 281 3849 postridie
300 3777 458 3851 Kalendae,
479 3779 686 3852 Nonus,1dcs
706 3800 725 3838 u
743 3782 914 3856 neugietrulu
931 3796 977 3854 po.
997 3783 1053 3837 Ro.
1072 3778 1155 3852 fectu
1173 3787 1251 3849 esset,

149 3867 209 3923 eius
227 3867 289 3927 belli
306 3865 438 3947 prouiutu'
453 3872 577 3950 deinceps
600 3873 701 3949 proelio
726 3891 785 3932 reru
807 3872 946 3951 publicone
969 3873 1043 3930 uteie
1058 3881 1167 3948 gestum
1184 3891 1253 3931 eece.

152 3960 234 4043 Quae
252 3964 275 4020 si
294 3964 412 4035 Quidius
432 3968 514 4044 legit,
541 3967 712 4043 negligenter
731 3968 856 4045 scripsit:
886 3967 1070 4024 accuratiores
1089 3968 1163 4024 euim
1182 3966 1254 4026 Ver·

145 4054 206 4113 rius
225 4064 352 4141 auctores
372 4057 408 4115 de
427 4057 479 4115 hac
503 4078 534 4115 re
558 4070 669 4118 secutus
690 4070 763 4136 est,
777 4072 860 4138 quum
888 4058 1002 4118 suerunt
1021 4060 1074 4117 Cn.
1096 4058 1208 4119 Gellius
1225 4069 1255 4118 et

151 4147 231 4208 Cass.
245 4150 362 4210 Hemina
377 4152 549 4212 aMecrobiu
564 4153 676 4231 allegati
694 4163 748 4212 sut.
763 4159 791 4229 l,
802 4155 840 4211 16
855 4153 884 4212 in
897 4153 972 4212 huuc
984 4153 1112 4214 modum:
1135 4157 1175 4228 Q,
1184 4153 1254 4215 Sul-
