2550 4574
427 281 456 330 ls·
470 281 507 332 lx
534 282 579 330 nn
601 280 815 329 cmcnltstnvs
1092 280 1171 333 eux
1266 329 1269 333 .

66 443 200 517 netum
215 432 305 495 inias
321 431 436 510 suerint,
456 434 574 494 maxime
592 450 629 494 cx
647 450 683 494 ec
702 432 884 513 mgnoscitur,
902 431 979 511 quod
991 430 1083 493 Varro
1098 432 1171 497 edon

65 529 178 589 nullum
194 546 290 588 aarum
309 529 420 605 originis
440 529 585 607 uestigium
611 530 756 608 repperit,
780 536 812 588 ut
830 525 867 586 de
885 535 1012 605 tompore
1032 527 1100 587 sads
1123 545 1171 590 aa·

65 624 144 683 ocuti
160 625 286 701 cogitare
303 623 420 681 licuerit.
453 623 519 682 loni
545 621 650 681 dicatas
673 620 759 680 tunsa
786 620 913 698 suspicor
937 629 1054 698 propter
1078 622 1170 683 locun

65 718 167 776 Dionis
185 719 286 791 47,18
305 715 342 775 de
359 714 406 775 die
425 716 509 774 natali
527 715 563 775 C.
578 715 715 775 Comum.
751 713 779 773 ls
799 713 858 772 dies
876 714 906 772 in
924 712 1004 772 lastis
1021 711 1170 775 llall'cooia

66 812 109 883 lV
132 811 175 870 ld.
200 810 252 869 lul.
276 809 412 869 indicatur
438 818 573 869 consueto
597 809 730 868 ierbrum
754 816 839 882 nota,
865 813 1015 865 annotatur
1038 806 1067 865 in
1091 805 1170 868 inus

66 906 205 965 Amitern.
228 913 259 963 et
281 905 396 978 Antist,
422 911 507 981 prout
533 919 632 962 reuera
655 902 711 961 fuit
733 909 804 961 testo
828 900 1168 977 Man.1‚12,p.2ts.
1240 906 1243 911 ’

66 999 129 1060 Sed
147 998 297 1068 triumuiri,
317 1015 354 1056 ne
371 997 399 1054 in
419 995 499 1054 ludus
518 995 691 1075 Apollinares
709 995 768 1054 eius
787 994 841 1054 diei
860 994 1004 1053 celebritas
1022 992 1168 1071 indderst,

65 1087 266 1170 ἐψηφίσαντο
283 1088 322 1168 τῇ
338 1084 505 1171 προτεραίᾳ
519 1083 559 1146 rui
571 1081 691 1165 perdum
704 1078 909 1166 ἀγάλλεσθαι,
928 1085 1004 1164 quod
1018 1104 1075 1145 non
1089 1084 1169 1148 nida·

65 1194 115 1244 tur
130 1182 340 1260 intelligendum
357 1183 448 1262 pridie
466 1181 525 1240 eins
544 1181 617 1255 diei,
643 1182 684 1240 uti
702 1199 721 1240 a
738 1181 849 1240 Sturzio
867 1179 991 1256 iactum,
1007 1179 1059 1239 sad
1079 1181 1169 1260 pridie

64 1277 148 1338 ludos
167 1277 350 1355 Apollinares,
370 1277 399 1335 b.
414 1295 443 1337 e.
462 1273 507 1333 die
519 1274 750 1354 Poplifugiorum.
788 1274 906 1333 Additur
923 1274 1007 1353 igitur
1024 1272 1167 1333 decretum

64 1387 147 1447 csse,
174 1378 207 1428 ut
225 1369 274 1447 qui
291 1388 355 1428 eum
380 1369 453 1428 diem
472 1367 654 1446 neglexisset,
680 1367 739 1425 loni
758 1375 788 1426 et
805 1367 880 1426 Diuo
898 1367 966 1426 lulio
984 1384 1065 1426 secor
1082 1377 1167 1427 esset.

64 1465 184 1522 mum
203 1465 296 1521 tamen
315 1472 412 1522 estex
430 1462 526 1521 tabula
544 1460 686 1521 liaffeana
704 1459 733 1520 id
751 1460 894 1521 decretum
912 1468 1002 1520 totum
1021 1460 1167 1521 marsum

64 1566 167 1636 postea
185 1574 247 1616 esse
264 1557 301 1615 ab
319 1563 455 1635 Augusto.

479 1784 596 1846 LIBER
614 1783 760 1846 NONVS.

140 1932 255 2010 Fragm.
276 1938 304 1989 1.
343 1931 432 1990 Macr.
451 1940 504 1989 set.
525 1938 552 2002 1,
567 1936 614 2006 ll,
634 1950 662 2008 p.
678 1935 753 1988 2³32
780 1946 816 1988 cn
840 1936 956 1988 sennim
979 1930 1075 2007 imque
1097 1947 1167 1990 ooa-

63 2025 141 2087 nabo
158 2033 185 2084 et
207 2027 327 2084 Maeuio
345 2024 403 2101 ispe
427 2024 465 2082 ud
486 2024 693 2104 propitiandam
710 2027 806 2082 Inuera
828 2022 941 2082 additus
963 2023 1084 2081 millis
1109 2024 1167 2085 er-

63 2118 191 2179 uentibus
208 2118 267 2176 dies
281 2121 316 2188 is,
335 2121 383 2196 qui
397 2120 608 2178 matunmlicins
622 2118 713 2177 dicius
727 2124 777 2186 est,
795 2135 852 2176 aon
867 2134 887 2175 u
901 2113 1033 2194 patibulo,
1052 2124 1085 2174 nt
1102 2120 1166 2193 qai
1210 2145 1213 2149 ·

63 2212 130 2271 dost
147 2218 259 2290 painel,
283 2215 389 2271 Graeco
407 2216 516 2281 omnine
530 2204 592 2270 ἀπὸ
613 2211 669 2270 τοῦ
687 2208 815 2287 saepsit,
833 2209 882 2268 sed
897 2207 1166 2285 umdiotoprntiona

63 2313 97 2365 tri
117 2308 239 2365 Varroni
256 2305 356 2382 plural,
375 2308 422 2382 aad
438 2309 601 2364 iustorum
616 2308 658 2363 nil
675 2322 735 2363 osse
758 2306 850 2362 inetur
873 2321 987 2362 moure.
1026 2294 1167 2362 Credibile¹

62 2411 108 2459 est
125 2400 329 2472 narrationem,
353 2418 427 2476 quae
447 2409 512 2457 ante
531 2398 600 2457 baec
619 2418 636 2456 a
655 2399 797 2457 Macrobio
816 2396 953 2472 traditur,
978 2414 1014 2455 ex
1031 2396 1165 2455 Varronis

62 2493 117 2551 boc
136 2494 207 2551 libro
226 2493 378 2551 innotuisse
390 2494 553 2570 Augustino,
574 2494 620 2571 qui
640 2492 757 2551 eandem
777 2490 962 2553 habetdeo.
982 2489 1010 2549 d.
1030 2492 1060 2565 4,
1079 2492 1118 2547 26
1135 2498 1165 2548 et

62 2591 92 2660 8,
112 2591 160 2644 13.
198 2586 226 2644 ls
247 2595 277 2645 et
295 2585 392 2644 Liuius
410 2592 441 2661 2,
460 2589 499 2642 36
517 2587 555 2645 de
573 2586 645 2645 ludis
664 2587 788 2664 magnis,
812 2587 873 2644 siue
892 2585 1026 2643 Romanis
1044 2583 1072 2641 iu
1091 2583 1165 2640 cicun

60 2679 181 2739 maximo
199 2679 280 2736 istam
298 2681 337 2737 ob
356 2697 467 2738 causam
487 2682 645 2739 instauratis
665 2689 815 2738 testantur:
834 2680 911 2737 solus
931 2678 1057 2737 Valerius
1074 2675 1165 2736 Maxi·

60 2790 122 2830 mus
145 2771 446 2847 1‚7,4.de1³10beiis
465 2774 492 2830 in
513 2776 585 2832 circo
605 2774 752 2832 Flaminio.
790 2773 864 2831 Nam
882 2773 1029 2848 Dionysius
1049 2771 1113 2830 Hal.
1133 2772 1164 2845 7,

59 2866 99 2922 69
116 2864 201 2922 aliiue
219 2882 275 2922 non
293 2876 423 2925 accurate
442 2886 502 2926 rem
521 2871 700 2945 scripserunt.

138 2962 168 3016 2.
201 2957 278 3015 Fest.
296 2977 327 3036 p.
345 2958 414 3034 351,
433 2964 470 3015 22
490 2959 566 3019 dext.
608 2963 740 3030 Tuumne]
766 2957 847 3019 indos
876 2963 967 3018 Vurru
991 2961 1033 3016 uit
1057 2956 1163 3024 umori,

58 3050 135 3128 quod
150 3083 190 3099 -
209 3052 286 3128 piget
304 3051 410 3130 reliqua
429 3055 635 3129 transscribere,
655 3055 820 3131 inquorum
839 3054 1046 3131 supplemento,
1066 3067 1103 3106 ne
1120 3050 1164 3105 ni·

56 3144 110 3201 mis
130 3143 184 3200 sint
202 3143 306 3220 inepta,
325 3162 381 3202 non
400 3145 466 3202 mibi
484 3146 634 3205 satisfacio.
667 3148 731 3203 Huc
750 3148 833 3204 retuli
851 3155 968 3223 propter
987 3143 1069 3202 Varr.
1086 3141 1123 3199 de
1141 3141 1162 3200 l.

56 3236 77 3294 l.
97 3235 211 3310 5,154.

135 3327 180 3386 Dc
205 3327 275 3386 ludis
301 3330 467 3390 circensibus
493 3334 584 3408 primo
609 3331 672 3389 loco
699 3332 787 3408 egisse
805 3331 895 3390 Varro
920 3331 1030 3389 uidetur
1049 3331 1116 3408 qnia
1133 3337 1163 3387 et

55 3421 225 3479 uetustiores
244 3434 335 3482 essent
357 3427 489 3501 scenicis,
514 3434 543 3483 et
562 3424 621 3481 sine
639 3425 693 3481 illis
712 3426 872 3503 saepissime
891 3425 936 3483 edi
956 3422 1162 3495 consueuerint,

54 3531 201 3590 nunquam
220 3533 287 3573 uero
305 3517 406 3574 scenici
431 3520 491 3576 sine
512 3519 686 3576 circensibus.
727 3518 811 3586 Quod
838 3519 990 3577 aGraecis
1010 3510 1162 3593 ἱπποδρο-

54 3602 128 3683 μίαι
148 3609 303 3686 nuncupari
322 3611 430 3683 solent,
457 3621 619 3689 argumento
646 3623 707 3688 est,
732 3612 800 3690 quid
825 3623 938 3691 praeter
963 3613 1052 3689 ipsum
1071 3610 1162 3666 locum

54 3701 228 3778 potissimum
246 3703 387 3779 peculiare
406 3704 562 3763 habuerint.
601 3704 699 3784 ltaque
719 3705 930 3764 uetustissimam
954 3707 984 3762 id
1009 3722 1097 3781 genus
1115 3719 1162 3760 ce·

55 3795 212 3852 lebritatem
232 3794 396 3855 crediderim
420 3797 504 3857 fuisse
523 3798 656 3875 Equiria,
682 3818 755 3878 quae
779 3800 815 3857 ab
836 3797 939 3858 Ouidio
958 3803 989 3874 2,
1008 3800 1066 3856 857
1085 3806 1114 3856 et
1130 3800 1161 3870 3,

54 3888 115 3944 519
133 3900 339 3948 memorantur:
368 3908 433 3949 nam
453 3891 621 3965 Consualia,
639 3891 676 3949 de
694 3893 793 3970 quibus
814 3896 842 3966 3,
863 3894 936 3966 199,
961 3892 1040 3949 mulis
1058 3889 1162 3947 fiebant

54 3988 127 4037 teste
145 3980 233 4039 Paulo
255 4001 284 4059 p.
297 3987 364 4059 148,
381 3991 407 4042 l.
446 3984 544 4044 Priora
570 4004 642 4064 quae
661 3983 782 4043 Ouidius
808 3984 910 4058 babet,
936 3984 1051 4061 Equiria
1071 3982 1159 4038 Varro

53 4074 166 4148 omittit,
186 4077 233 4152 qui
257 4075 295 4134 de
313 4077 407 4135 alteris
426 4080 465 4136 ita
483 4082 515 4151 6,
536 4083 588 4137 13:
616 4082 735 4156 Eqrririn
753 4076 788 4136 ub
806 4095 937 4153 annorum
956 4093 1048 4145 mmsu,
1066 4093 1098 4132 eo
1116 4072 1160 4130 dic

53 4166 126 4222 num
144 4165 218 4226 ltsdis
236 4177 350 4229 mmai
367 4174 398 4230 in
417 4173 528 4230 Martio
546 4189 652 4249 cumpo.
691 4169 788 4247 Lydus
808 4169 843 4227 de
862 4188 952 4228 mens.
972 4171 1001 4239 4,
1012 4173 1043 4244 9,
1062 4187 1091 4246 p.
1103 4167 1159 4223 158
