2550 4574
134 249 283 299 ccxxxvi
618 248 662 299 DE
683 248 757 299 nata

133 402 218 482 Atqui
237 402 265 459 in
283 399 352 465 Μ
372 398 431 458 eiua
448 417 549 458 nomeu
569 418 626 459 uon
645 400 786 477 refertur,
807 399 931 460 {odardo
950 401 1015 480 quia
1033 401 1082 478 qui
1101 400 1228 471 retorna·-

132 504 181 554 tur
198 494 242 554 dei
260 493 385 571 physioie.
396 494 548 554 rationibus
567 493 768 572 interpretandi
786 505 876 554 eraut.
906 495 1013 554 Deinde
1030 513 1099 553 uero
1111 495 1229 572 Dionys.

60 654 68 663 ¹
132 588 198 649 Hal.
209 593 239 661 2,
251 588 289 646 48
308 587 459 645 narrationi
472 605 491 645 n
503 587 631 645 Varrone
646 586 810 665 desumptae
821 586 894 651 haec
912 588 1137 664 interponuntur,
1157 607 1228 667 quo·

131 699 193 738 rum
211 682 323 739 necuere
341 691 384 740 eat
404 680 520 740 alterum
534 689 627 737 utrum
644 681 777 740 Varronis
796 692 872 739 cerer
892 673 947 739 τόν
967 676 1003 739 δὲ
1019 672 1179 739 Ἐνυάλιον
1198 675 1228 740 ol

131 766 261 847 Σαβῖνοι
286 767 338 832 eal
363 765 441 849 παρ’
463 767 584 833 ἐκείνων
610 765 640 829 oi
655 761 800 849 Ῥωμαῖοι
826 765 986 849 μαθόντες
1004 767 1230 852 Κορῖνονόνο-

129 856 296 943 μα’ζοοοιν,
323 857 381 929 οὖν
403 859 524 941 dignarer
543 860 636 924 εἰπεῖν
655 860 690 925 τό
711 859 852 945 ἀκριβές,
876 859 935 925 εἴτε
947 858 1042 947 Ἄρης
1060 861 1144 944 leia,
1167 861 1228 927 εἴτε

129 950 232 1036 ἕτερός
251 975 298 1028 τις
316 948 426 1033 ὁμοίας
436 951 519 1035 Ἄρει
539 953 631 1035 τιμὰς
654 950 743 1036 ἔχων.
779 955 809 1019 oi
825 954 884 1035 μέν
902 951 961 1039 γὰρ
980 954 1035 1038 ἐφ’
1056 949 1124 1031 ἑνός
1144 953 1230 1019 oliv-

128 1071 181 1112 ται
200 1051 277 1111 θεοῦ
297 1052 467 1128 πολεμικῶν
486 1042 614 1131 ἀγώνων
634 1043 784 1131 ἡγεμόνος
811 1043 954 1131 ἑκάτερον
978 1051 1039 1112 τῶν
1065 1046 1228 1131 ὀνομάτων

28 1197 30 1201 ,
127 1144 395 1223 νατηγορῇσθαι,’
408 1141 437 1205 oi
463 1142 603 1207 δὲ’νατοὶ
623 1143 709 1206 droia
729 1137 900 1206 τάττεσθαι
921 1141 1078 1224 δαιμόνων
1097 1147 1230 1224 uotiua-

129 1238 190 1310 ςῶν
209 1231 248 1298 τοὶ
267 1231 416 1315 ὀνόματα.
456 1242 623 1320 Quicunque
641 1243 680 1299 ita
699 1239 844 1310 iudicauit,
864 1258 928 1298 eum
947 1250 1058 1318 oportet
1077 1253 1128 1301 aut
1146 1243 1228 1320 iguo·

127 1343 204 1397 farre
222 1333 281 1403 illa,
306 1351 379 1412 quae
397 1334 433 1392 ab
451 1334 631 1393 Ambroacluio
650 1323 755 1412 ofilio
774 1345 870 1393 contra
890 1333 1089 1411 proferuntur„
1113 1344 1164 1395 aut
1184 1336 1229 1394 in·

127 1426 294 1505 superabilia
318 1445 373 1485 uon
399 1438 521 1504 putasne.
560 1428 662 1506 Neque
687 1429 833 1506 quicquam
860 1427 941 1485 uideo
965 1428 1122 1505 prolatum,
1148 1429 1228 1506 quod

127 1520 264 1582 difficilius
288 1520 324 1578 rit
342 1519 380 1578 ad
397 1520 615 1594 conciliandum,
638 1539 722 1598 quom
742 1517 884 1599 pristinum
904 1521 971 1578 illud
990 1520 1108 1580 duorum
1129 1522 1227 1591 Quiri·

128 1632 228 1674 norum
247 1611 404 1687 duramen,
422 1613 528 1688 Sabini,
547 1614 629 1673 Varr.
643 1613 680 1673 de
691 1614 712 1672 l.
724 1613 744 1671 l.
759 1614 790 1688 ό,
803 1616 853 1687 74,
871 1623 901 1672 et
919 1613 1039 1671 Enniani
1056 1613 1133 1692 apud
1153 1614 1229 1674 Oui·

127 1707 204 1765 dium
216 1710 247 1780 2,
258 1707 317 1784 474
329 1725 390 1783 sqq.
410 1715 439 1764 et
452 1707 605 1769 Varronem
624 1706 699 1785 apud
716 1706 935 1783 Auguet2,15.
974 1708 1016 1765 An
1035 1706 1150 1766 dubium
1169 1717 1227 1784 est,

127 1799 194 1878 quin
213 1799 238 1855 ri
256 1799 324 1870 lani,
342 1798 467 1873 Saturni,
486 1800 602 1857 aliorum
621 1800 736 1857 deorum
754 1801 918 1859 relectorum
937 1801 1125 1878 antiquissime
1143 1820 1227 1861 roera

126 1892 255 1970 oognoeci
272 1903 397 1970 portent,
417 1892 445 1952 in
465 1911 521 1954 uuo
539 1893 637 1970 quouir
657 1893 754 1952 cadem
774 1893 938 1970 dispariliter
956 1892 1226 1972 deprehenderetur,

126 2003 161 2044 ac
179 2004 243 2043 cum
268 1984 343 2063 apud
362 1985 508 2062 Polybium
526 1990 557 2060 3,
569 1986 606 2047 25
625 1986 725 2063 Pyrrhi
751 1986 920 2064 temporibus
943 2005 996 2066 pro
1021 1986 1079 2045 deis
1105 1985 1245 2057 diuersia,

125 2076 287 2159 ponuntur?
322 2078 396 2140 Nam
422 2077 497 2156 quod
516 2077 591 2137 Mara
610 2089 639 2140 et
657 2081 791 2150 Quirinus
816 2099 879 2137 curn
899 2079 966 2138 loue
983 2076 1066 2137 Saliis
1090 2098 1226 2158 praecare

32 2216 35 2221 -
126 2173 256 2232 dicuutur
273 2172 349 2251 opud
367 2172 496 2231 Seruium
516 2173 585 2234 Aen.
605 2175 636 2246 8,
651 2175 719 2247 663,
738 2171 814 2250 apud
834 2172 1225 2234 comminuerentur

125 2271 215 2345 rolur,
241 2279 274 2328 ut
293 2265 368 2346 apud
388 2263 520 2327 Ouidium
540 2271 569 2340 3,
584 2267 651 2341 259,
671 2274 700 2324 et
718 2285 747 2324 u.
761 2266 817 2323 285
836 2265 912 2327 Mare
931 2276 961 2325 et
980 2267 1113 2327 Herculea
1130 2268 1221 2327 romi·

125 2373 243 2436 uantur,
269 2360 414 2419 manifesto
438 2369 601 2436 argumento
625 2370 702 2418 arcte
721 2359 856 2417 coaluisse
874 2358 993 2417 Martem
1013 2368 1041 2418 et
1061 2361 1222 2429 Quirinum.

125 2456 278 2518 Flamiuem
297 2452 452 2513 Martialem
471 2455 555 2511 irrisae
573 2453 734 2512 Latinorum
754 2452 837 2527 olim,
863 2453 1034 2521 Quirinalem
1052 2453 1223 2513 Sabinorum

124 2559 207 2608 acute
220 2547 313 2607 docuit
326 2547 512 2622 Goettliugius
530 2544 592 2604 laist.
605 2548 673 2625 reip.
684 2548 767 2609 Rom.
776 2564 806 2624 p.
818 2549 889 2608 187:
908 2549 1001 2607 munia
1020 2550 1116 2609 eorum
1136 2567 1224 2625 quam

124 2653 223 2722 postea
239 2642 343 2702 suerint
362 2639 524 2711 coniuncta,
544 2638 647 2700 rrilicet
666 2641 833 2716 ignoramur.
873 2639 958 2709 Quod
976 2639 1173 2702 Ambroeolriua
1192 2642 1221 2703 iu

124 2738 187 2814 lege
205 2736 315 2794 Numae
334 2733 371 2791 de
389 2731 481 2810 apoliir
501 2730 599 2807 opimis
612 2731 731 2794 Martem
751 2743 781 2792 et
796 2734 942 2802 Quirinum
961 2733 1078 2793 diacum
1096 2733 1176 2804 dixit,
1197 2735 1221 2793 ri

124 2848 220 2890 uerum
248 2828 406 2899 uideretur,
432 2833 526 2902 puroet
549 2825 679 2902 intelligit
709 2827 759 2885 sed
785 2827 873 2887 maior
897 2834 940 2887 eat
964 2826 1042 2887 Festi
1066 2828 1221 2887 auctoritas

14 2904 19 2911 ⁵
122 2943 152 3003 p.
169 2921 285 2995 189,15
300 2939 341 2997 sq.
362 2936 445 2996 quam
465 2916 606 2991 Plutarchi
624 2919 711 2977 Marc.
731 2923 750 2979 8
770 2929 800 2979 et
817 2920 908 2981 Seruii
925 2914 1042 2989 Aeufiti,
1057 2922 1127 2982 860.
1164 2921 1222 2981 Se·

18 3055 21 3058 ·
122 3017 255 3075 lectorum
274 3013 390 3071 deorum
410 3011 463 3069 lroc
482 3023 525 3069 ert
544 3013 697 3089 proprium,
719 3023 750 3071 ut
767 3032 829 3071 curn
848 3015 925 3075 cultu
946 3015 1025 3078 ciuili
1037 3032 1137 3075 numen
1156 3033 1222 3078 om.

121 3109 270 3188 plifioatum
289 3109 333 3166 rit.
363 3105 476 3167 Cultum
497 3123 557 3165 esre
575 3105 717 3182 insigniter
730 3108 875 3176 Quirinum
895 3117 1018 3165 constat:
1037 3126 1138 3168 numen
1158 3111 1220 3186 pri·

120 3204 221 3263 etiuum
240 3202 375 3263 Sabinum
398 3199 469 3259 adeo
489 3197 543 3259 suit
565 3200 654 3273 erile,
681 3209 712 3260 ot
731 3218 748 3262 a
766 3199 861 3263 fabula
880 3201 1008 3265 Enniana
1027 3201 1054 3260 in
1073 3200 1219 3262 homiuum

121 3293 250 3373 opinione
267 3312 357 3372 prope
376 3301 591 3370 expugnaretur,
610 3312 683 3371 quae
697 3312 754 3356 nou
770 3293 836 3357 ratis
850 3293 978 3372 dispicio,
997 3312 1063 3355 num
1082 3293 1118 3352 ad
1136 3311 1219 3354 saera

120 3387 296 3464 pertinuerit:
323 3386 421 3442 mirum
447 3404 513 3464 ergo
539 3389 568 3445 ni
592 3403 625 3444 re
651 3405 718 3448 uera
739 3405 756 3444 a
774 3387 866 3445 Marte
884 3386 1016 3444 alimenta
1034 3385 1128 3461 duxit,
1152 3405 1217 3449 cum

120 3498 176 3558 quo
197 3481 277 3536 toties
296 3479 482 3555 coniungitur,
501 3481 609 3558 quoties
628 3481 663 3538 ab
682 3499 718 3539 eo
733 3480 915 3557 distinguitur.
955 3479 1150 3557 Cuiuscunque
1166 3480 1217 3539 illa

118 3571 173 3636 suit
198 3571 342 3648 originatio
364 3573 474 3642 Quirini
496 3589 513 3629 a
538 3576 612 3643 uitri,
638 3572 735 3649 laete,
761 3590 833 3651 quae
858 3580 933 3634 extat
958 3573 1033 3649 apud
1052 3573 1218 3650 Dionysium

118 3667 184 3726 Hal.
204 3671 233 3738 2,
248 3667 297 3739 48,
322 3663 452 3725 Seruium
473 3662 509 3724 ad
527 3666 598 3723 Aen.
618 3672 647 3742 1,
660 3670 730 3743 292,
750 3664 867 3727 Paulum
887 3666 967 3727 Diac.
985 3668 1129 3745 p.49,10
1146 3686 1217 3729 cou-

117 3756 184 3817 scrri
203 3768 325 3819 meretur
343 3776 406 3817 cum
425 3775 477 3831 eo,
502 3759 578 3834 quod
597 3760 687 3819 Varro
707 3760 821 3820 tentibus
841 3759 986 3819 Clemente
1003 3761 1083 3823 Alex.
1104 3761 1167 3827 c,4
1186 3769 1221 3824 et.

118 3854 222 3914 Aruob.
234 3855 264 3929 6,
276 3859 310 3913 11
331 3851 439 3916 hastam
455 3850 551 3910 Martia
568 3852 743 3916 simulacrum
761 3852 909 3931 aliquando
924 3852 1066 3916 Romanor
1084 3851 1216 3915 manure

117 3947 235 4026 rcriprit.

58 4092 60 4097 ⁴
193 4041 360 4099 Vulcano
385 4038 461 4120 apud
482 4037 612 4098 Ouidium
631 4040 662 4112 5,
681 4038 738 4099 tao
758 4041 916 4100 attribuitur
936 4042 964 4100 Τ
965 4039 1139 4099 ubilurtrium
1159 4059 1214 4118 po-

116 4135 216 4197 steriue
234 4135 261 4193 X
279 4135 326 4196 ΚΡ
345 4134 407 4196 luo.
446 4134 540 4198 Caura
558 4133 686 4212 additur,
712 4134 787 4218 quod
810 4135 834 4198 io
857 4133 927 4195 deus
950 4135 1032 4197 arba
1050 4134 1110 4195 uiuo
1130 4136 1214 4198 tuboe
